timestamp,type,bid_price_1,bid_size_1,bid_price_2,bid_size_2,bid_price_3,bid_size_3,bid_price_4,bid_size_4,bid_price_5,bid_size_5,ask_price_1,ask_size_1,ask_price_2,ask_size_2,ask_price_3,ask_size_3,ask_price_4,ask_size_4,ask_price_5,ask_size_5
2024-01-01 09:30:00.000,snapshot,99.51,313.0,99.5,979.0,99.49,470.0,99.48,599.0,99.47,268.0,99.58,16.0,99.59,757.0,99.6,497.0,99.61,714.0,99.62,159.0
2024-01-01 09:30:00.150,snapshot,99.23,258.0,99.22,112.0,99.21,510.0,99.2,777.0,99.19,37.0,99.3,130.0,99.31,345.0,99.32,342.0,99.33,250.0,99.34,257.0
2024-01-01 09:30:00.300,snapshot,98.75,343.0,98.74,888.0,98.73,806.0,98.73,448.0,98.72,147.0,98.82,956.0,98.83,407.0,98.84,101.0,98.85,534.0,98.86,524.0
2024-01-01 09:30:00.450,snapshot,98.53,942.0,98.52,906.0,98.51,637.0,98.5,105.0,98.49,947.0,98.6,977.0,98.61,297.0,98.62,64.0,98.63,667.0,98.64,370.0
2024-01-01 09:30:00.600,snapshot,97.81,161.0,97.8,361.0,97.79,95.0,97.78,629.0,97.77,338.0,97.88,589.0,97.89,589.0,97.9,587.0,97.91,330.0,97.91,517.0
2024-01-01 09:30:00.750,snapshot,98.23,213.0,98.22,904.0,98.21,799.0,98.2,92.0,98.19,539.0,98.3,725.0,98.31,306.0,98.32,661.0,98.33,638.0,98.34,509.0
2024-01-01 09:30:00.900,snapshot,98.28,709.0,98.27,234.0,98.26,275.0,98.25,690.0,98.24,222.0,98.35,340.0,98.36,685.0,98.37,471.0,98.38,274.0,98.39,533.0
2024-01-01 09:30:01.050,snapshot,98.77,556.0,98.76,491.0,98.75,128.0,98.74,792.0,98.73,503.0,98.84,400.0,98.85,650.0,98.86,813.0,98.87,429.0,98.88,705.0
2024-01-01 09:30:01.200,snapshot,98.14,97.0,98.13,738.0,98.12,943.0,98.11,661.0,98.1,750.0,98.21,750.0,98.22,708.0,98.23,427.0,98.24,624.0,98.25,723.0
2024-01-01 09:30:01.350,snapshot,98.42,787.0,98.41,562.0,98.4,636.0,98.39,339.0,98.38,70.0,98.48,903.0,98.49,624.0,98.5,938.0,98.51,283.0,98.52,112.0
2024-01-01 09:30:01.500,snapshot,97.45,125.0,97.44,230.0,97.43,109.0,97.42,559.0,97.41,235.0,97.52,876.0,97.53,768.0,97.54,346.0,97.55,415.0,97.56,39.0
2024-01-01 09:30:01.650,snapshot,97.54,551.0,97.53,427.0,97.52,872.0,97.51,552.0,97.5,353.0,97.6,991.0,97.61,159.0,97.62,313.0,97.63,388.0,97.64,289.0
2024-01-01 09:30:01.800,snapshot,97.86,342.0,97.85,82.0,97.84,926.0,97.83,703.0,97.82,60.0,97.93,975.0,97.94,365.0,97.95,712.0,97.96,903.0,97.97,175.0
2024-01-01 09:30:01.950,snapshot,98.02,385.0,98.01,197.0,98.0,522.0,97.99,280.0,97.98,714.0,98.09,153.0,98.1,204.0,98.11,939.0,98.12,662.0,98.13,445.0
2024-01-01 09:30:02.100,snapshot,98.16,866.0,98.15,241.0,98.14,940.0,98.13,675.0,98.12,864.0,98.23,541.0,98.24,282.0,98.25,894.0,98.26,128.0,98.27,296.0
2024-01-01 09:30:02.250,snapshot,97.78,246.0,97.77,649.0,97.76,749.0,97.75,111.0,97.74,88.0,97.85,430.0,97.86,408.0,97.87,56.0,97.88,138.0,97.89,194.0
2024-01-01 09:30:02.400,snapshot,97.46,994.0,97.45,490.0,97.44,147.0,97.43,955.0,97.42,415.0,97.53,271.0,97.54,882.0,97.55,984.0,97.56,840.0,97.57,125.0
2024-01-01 09:30:02.550,snapshot,97.76,351.0,97.75,946.0,97.74,218.0,97.73,32.0,97.72,758.0,97.83,940.0,97.84,809.0,97.85,699.0,97.86,734.0,97.87,792.0
2024-01-01 09:30:02.700,snapshot,97.56,283.0,97.55,995.0,97.54,648.0,97.53,382.0,97.52,805.0,97.62,858.0,97.63,256.0,97.64,582.0,97.65,427.0,97.66,959.0
2024-01-01 09:30:02.850,snapshot,98.17,374.0,98.16,13.0,98.15,53.0,98.14,183.0,98.13,187.0,98.24,916.0,98.25,870.0,98.26,713.0,98.27,135.0,98.28,671.0
2024-01-01 09:30:03.000,snapshot,98.3,403.0,98.29,242.0,98.28,520.0,98.28,325.0,98.27,367.0,98.37,124.0,98.38,926.0,98.39,809.0,98.4,809.0,98.41,116.0
2024-01-01 09:30:03.150,snapshot,98.55,853.0,98.54,633.0,98.53,307.0,98.52,553.0,98.51,59.0,98.62,407.0,98.63,684.0,98.64,500.0,98.65,337.0,98.66,902.0
2024-01-01 09:30:03.300,snapshot,99.04,977.0,99.03,959.0,99.02,549.0,99.01,217.0,99.0,728.0,99.11,620.0,99.12,774.0,99.13,244.0,99.14,662.0,99.15,222.0
2024-01-01 09:30:03.450,snapshot,99.24,338.0,99.23,194.0,99.22,863.0,99.21,289.0,99.2,334.0,99.31,561.0,99.32,896.0,99.33,245.0,99.34,259.0,99.35,424.0
2024-01-01 09:30:03.600,snapshot,98.87,435.0,98.86,243.0,98.85,613.0,98.84,722.0,98.83,122.0,98.94,934.0,98.95,314.0,98.96,489.0,98.97,589.0,98.98,505.0
2024-01-01 09:30:03.750,snapshot,98.51,635.0,98.5,137.0,98.49,896.0,98.48,355.0,98.47,727.0,98.58,136.0,98.59,682.0,98.6,415.0,98.61,541.0,98.62,672.0
2024-01-01 09:30:03.900,snapshot,97.93,986.0,97.92,257.0,97.91,152.0,97.9,598.0,97.89,184.0,98.0,277.0,98.01,892.0,98.02,329.0,98.03,47.0,98.04,82.0
2024-01-01 09:30:04.050,snapshot,98.26,103.0,98.25,768.0,98.24,580.0,98.23,828.0,98.22,519.0,98.33,302.0,98.34,218.0,98.35,385.0,98.36,875.0,98.37,165.0
2024-01-01 09:30:04.200,snapshot,99.0,595.0,98.99,752.0,98.98,383.0,98.97,139.0,98.96,714.0,99.07,57.0,99.08,649.0,99.08,492.0,99.09,147.0,99.1,126.0
2024-01-01 09:30:04.350,snapshot,99.29,99.0,99.28,411.0,99.27,926.0,99.26,699.0,99.25,637.0,99.36,457.0,99.37,922.0,99.38,621.0,99.39,694.0,99.4,976.0
2024-01-01 09:30:04.500,snapshot,99.45,961.0,99.44,56.0,99.43,275.0,99.42,569.0,99.41,367.0,99.52,32.0,99.53,999.0,99.54,959.0,99.55,667.0,99.56,567.0
2024-01-01 09:30:04.650,snapshot,99.55,114.0,99.54,574.0,99.53,235.0,99.52,453.0,99.51,195.0,99.62,451.0,99.63,377.0,99.64,497.0,99.65,966.0,99.66,858.0
2024-01-01 09:30:04.800,snapshot,100.05,308.0,100.04,555.0,100.03,397.0,100.02,35.0,100.01,838.0,100.12,441.0,100.13,733.0,100.14,46.0,100.15,82.0,100.16,795.0
2024-01-01 09:30:04.950,snapshot,100.08,436.0,100.07,866.0,100.06,989.0,100.05,189.0,100.04,352.0,100.15,898.0,100.16,409.0,100.17,650.0,100.18,897.0,100.19,335.0
2024-01-01 09:30:05.100,snapshot,100.11,369.0,100.1,502.0,100.09,908.0,100.08,209.0,100.07,997.0,100.18,473.0,100.19,256.0,100.2,540.0,100.21,78.0,100.22,338.0
2024-01-01 09:30:05.250,snapshot,99.51,261.0,99.5,496.0,99.49,831.0,99.48,469.0,99.47,923.0,99.58,81.0,99.59,226.0,99.6,234.0,99.61,516.0,99.62,420.0
2024-01-01 09:30:05.400,snapshot,99.89,563.0,99.88,439.0,99.87,245.0,99.86,698.0,99.85,948.0,99.96,70.0,99.97,89.0,99.98,819.0,99.99,553.0,100.0,838.0
2024-01-01 09:30:05.550,snapshot,100.03,269.0,100.02,104.0,100.01,685.0,100.0,70.0,99.99,406.0,100.1,165.0,100.11,92.0,100.12,752.0,100.13,473.0,100.14,899.0
2024-01-01 09:30:05.700,snapshot,99.46,29.0,99.45,704.0,99.44,870.0,99.43,843.0,99.42,341.0,99.53,897.0,99.54,311.0,99.55,809.0,99.56,665.0,99.57,783.0
2024-01-01 09:30:05.850,snapshot,99.77,837.0,99.76,252.0,99.75,204.0,99.74,446.0,99.73,142.0,99.84,333.0,99.85,257.0,99.86,615.0,99.87,974.0,99.88,277.0
2024-01-01 09:30:06.000,snapshot,100.28,673.0,100.27,486.0,100.26,634.0,100.24,822.0,100.23,427.0,100.35,767.0,100.36,410.0,100.37,610.0,100.38,446.0,100.39,676.0
2024-01-01 09:30:06.150,snapshot,100.33,30.0,100.32,491.0,100.31,85.0,100.3,481.0,100.29,402.0,100.4,390.0,100.41,472.0,100.42,34.0,100.43,167.0,100.44,714.0
2024-01-01 09:30:06.300,snapshot,99.5,494.0,99.49,798.0,99.48,223.0,99.47,329.0,99.46,200.0,99.57,622.0,99.58,616.0,99.59,974.0,99.6,56.0,99.61,363.0
2024-01-01 09:30:06.450,snapshot,99.73,148.0,99.72,967.0,99.71,477.0,99.7,13.0,99.69,660.0,99.8,757.0,99.81,645.0,99.82,507.0,99.83,622.0,99.84,535.0
2024-01-01 09:30:06.600,snapshot,99.27,607.0,99.26,31.0,99.25,955.0,99.24,275.0,99.23,610.0,99.34,823.0,99.35,842.0,99.36,464.0,99.37,459.0,99.38,397.0
2024-01-01 09:30:06.750,snapshot,98.99,353.0,98.98,589.0,98.97,624.0,98.96,567.0,98.95,641.0,99.06,116.0,99.07,30.0,99.08,895.0,99.09,648.0,99.1,189.0
2024-01-01 09:30:06.900,snapshot,99.16,11.0,99.15,791.0,99.14,698.0,99.13,779.0,99.12,458.0,99.23,350.0,99.24,903.0,99.25,165.0,99.26,428.0,99.27,266.0
2024-01-01 09:30:07.050,snapshot,99.2,977.0,99.19,839.0,99.18,778.0,99.17,432.0,99.16,26.0,99.27,628.0,99.28,582.0,99.29,427.0,99.3,196.0,99.31,478.0
2024-01-01 09:30:07.200,snapshot,99.03,758.0,99.02,812.0,99.01,578.0,99.0,650.0,98.99,137.0,99.1,806.0,99.11,828.0,99.12,255.0,99.13,411.0,99.14,600.0
2024-01-01 09:30:07.350,snapshot,99.49,720.0,99.48,372.0,99.47,400.0,99.46,670.0,99.45,574.0,99.56,384.0,99.57,523.0,99.58,494.0,99.59,762.0,99.6,109.0
2024-01-01 09:30:07.500,snapshot,99.71,515.0,99.7,615.0,99.69,827.0,99.68,29.0,99.67,935.0,99.78,15.0,99.79,273.0,99.8,20.0,99.81,339.0,99.82,12.0
2024-01-01 09:30:07.650,snapshot,99.33,991.0,99.32,510.0,99.31,490.0,99.3,302.0,99.29,769.0,99.4,156.0,99.41,392.0,99.42,209.0,99.43,614.0,99.44,929.0
2024-01-01 09:30:07.800,snapshot,99.27,301.0,99.26,742.0,99.25,848.0,99.24,974.0,99.23,609.0,99.34,777.0,99.35,178.0,99.36,422.0,99.37,195.0,99.38,510.0
2024-01-01 09:30:07.950,snapshot,98.44,551.0,98.44,235.0,98.43,929.0,98.42,640.0,98.41,62.0,98.51,176.0,98.52,123.0,98.53,115.0,98.54,141.0,98.55,43.0
2024-01-01 09:30:08.100,snapshot,98.29,956.0,98.28,785.0,98.27,898.0,98.26,771.0,98.25,871.0,98.35,296.0,98.36,874.0,98.37,116.0,98.38,217.0,98.39,428.0
2024-01-01 09:30:08.250,snapshot,98.19,63.0,98.18,890.0,98.17,887.0,98.16,784.0,98.15,435.0,98.26,755.0,98.27,481.0,98.28,491.0,98.29,267.0,98.3,26.0
2024-01-01 09:30:08.400,snapshot,98.53,535.0,98.52,564.0,98.51,777.0,98.5,239.0,98.49,950.0,98.6,862.0,98.61,763.0,98.62,909.0,98.63,923.0,98.64,381.0
2024-01-01 09:30:08.550,snapshot,98.36,450.0,98.35,208.0,98.34,993.0,98.33,518.0,98.32,192.0,98.42,643.0,98.43,538.0,98.44,781.0,98.45,279.0,98.46,481.0
2024-01-01 09:30:08.700,snapshot,98.69,577.0,98.68,900.0,98.67,121.0,98.66,248.0,98.65,744.0,98.75,508.0,98.76,639.0,98.77,835.0,98.78,150.0,98.79,504.0
2024-01-01 09:30:08.850,snapshot,98.92,689.0,98.91,120.0,98.9,395.0,98.89,484.0,98.88,15.0,98.98,183.0,98.99,49.0,99.0,480.0,99.01,273.0,99.02,595.0
2024-01-01 09:30:09.000,snapshot,98.89,192.0,98.88,440.0,98.87,208.0,98.86,494.0,98.85,787.0,98.96,893.0,98.97,859.0,98.98,661.0,98.99,401.0,99.0,854.0
2024-01-01 09:30:09.150,snapshot,98.92,646.0,98.91,461.0,98.9,202.0,98.89,150.0,98.88,446.0,98.99,761.0,99.0,674.0,99.01,737.0,99.02,298.0,99.03,587.0
2024-01-01 09:30:09.300,snapshot,99.46,643.0,99.45,995.0,99.44,215.0,99.43,926.0,99.42,656.0,99.53,110.0,99.54,20.0,99.54,303.0,99.55,947.0,99.56,126.0
2024-01-01 09:30:09.450,snapshot,99.04,372.0,99.03,637.0,99.02,212.0,99.01,608.0,99.0,424.0,99.11,939.0,99.12,965.0,99.13,922.0,99.14,241.0,99.15,766.0
2024-01-01 09:30:09.600,snapshot,99.14,177.0,99.13,610.0,99.12,575.0,99.11,567.0,99.1,518.0,99.21,945.0,99.22,908.0,99.23,113.0,99.24,106.0,99.25,42.0
2024-01-01 09:30:09.750,snapshot,99.91,540.0,99.9,190.0,99.89,235.0,99.88,706.0,99.87,153.0,99.98,538.0,99.99,339.0,100.0,556.0,100.01,702.0,100.02,666.0
2024-01-01 09:30:09.900,snapshot,101.24,375.0,101.23,694.0,101.22,360.0,101.21,467.0,101.2,814.0,101.31,687.0,101.32,805.0,101.33,912.0,101.34,316.0,101.35,171.0
2024-01-01 09:30:10.050,snapshot,100.81,294.0,100.8,285.0,100.79,655.0,100.78,816.0,100.77,221.0,100.88,87.0,100.89,923.0,100.9,945.0,100.91,563.0,100.92,103.0
2024-01-01 09:30:10.200,snapshot,100.8,983.0,100.79,47.0,100.78,578.0,100.77,357.0,100.76,985.0,100.87,312.0,100.88,528.0,100.89,123.0,100.9,635.0,100.91,115.0
2024-01-01 09:30:10.350,snapshot,100.53,425.0,100.52,631.0,100.51,48.0,100.5,583.0,100.49,206.0,100.6,42.0,100.61,419.0,100.62,11.0,100.63,120.0,100.64,943.0
2024-01-01 09:30:10.500,snapshot,100.83,58.0,100.82,535.0,100.81,563.0,100.8,487.0,100.79,626.0,100.9,100.0,100.91,709.0,100.92,480.0,100.93,838.0,100.94,536.0
2024-01-01 09:30:10.650,snapshot,100.27,699.0,100.26,828.0,100.25,111.0,100.24,940.0,100.23,966.0,100.34,641.0,100.35,730.0,100.36,893.0,100.37,314.0,100.38,900.0
2024-01-01 09:30:10.800,snapshot,99.88,878.0,99.87,922.0,99.86,413.0,99.85,243.0,99.84,943.0,99.95,612.0,99.96,167.0,99.97,378.0,99.98,683.0,99.99,954.0
2024-01-01 09:30:10.950,snapshot,99.31,129.0,99.3,660.0,99.29,725.0,99.28,667.0,99.27,945.0,99.38,663.0,99.39,285.0,99.4,723.0,99.41,950.0,99.42,778.0
2024-01-01 09:30:11.100,snapshot,100.11,707.0,100.1,486.0,100.09,937.0,100.08,799.0,100.07,538.0,100.18,669.0,100.19,516.0,100.2,372.0,100.21,418.0,100.22,524.0
2024-01-01 09:30:11.250,snapshot,99.96,938.0,99.95,269.0,99.94,344.0,99.93,806.0,99.92,512.0,100.03,330.0,100.04,134.0,100.05,281.0,100.06,230.0,100.07,248.0
2024-01-01 09:30:11.400,snapshot,99.43,601.0,99.42,393.0,99.41,759.0,99.4,574.0,99.39,323.0,99.5,796.0,99.51,284.0,99.52,472.0,99.53,418.0,99.54,190.0
2024-01-01 09:30:11.550,snapshot,99.01,543.0,99.0,455.0,98.99,718.0,98.98,562.0,98.97,309.0,99.08,357.0,99.09,16.0,99.1,705.0,99.11,367.0,99.12,344.0
2024-01-01 09:30:11.700,snapshot,98.92,435.0,98.91,339.0,98.9,813.0,98.89,657.0,98.88,754.0,98.99,983.0,99.0,136.0,99.01,69.0,99.02,516.0,99.03,130.0
2024-01-01 09:30:11.850,snapshot,98.99,865.0,98.98,579.0,98.97,281.0,98.96,980.0,98.95,855.0,99.06,687.0,99.07,852.0,99.08,976.0,99.09,458.0,99.1,808.0
2024-01-01 09:30:12.000,snapshot,98.8,955.0,98.79,397.0,98.78,862.0,98.77,574.0,98.76,564.0,98.87,439.0,98.88,125.0,98.89,314.0,98.9,455.0,98.91,683.0
2024-01-01 09:30:12.150,snapshot,98.1,958.0,98.09,980.0,98.08,689.0,98.07,610.0,98.06,225.0,98.17,533.0,98.18,701.0,98.19,307.0,98.2,266.0,98.21,560.0
2024-01-01 09:30:12.300,snapshot,97.83,164.0,97.82,947.0,97.81,405.0,97.8,785.0,97.79,233.0,97.9,264.0,97.91,200.0,97.92,420.0,97.93,559.0,97.94,162.0
2024-01-01 09:30:12.450,snapshot,98.7,295.0,98.69,503.0,98.68,435.0,98.67,628.0,98.66,144.0,98.77,243.0,98.78,471.0,98.79,556.0,98.8,267.0,98.81,531.0
2024-01-01 09:30:12.600,snapshot,98.3,164.0,98.29,823.0,98.28,266.0,98.27,85.0,98.26,558.0,98.36,536.0,98.37,168.0,98.38,397.0,98.39,953.0,98.4,804.0
2024-01-01 09:30:12.750,snapshot,97.68,310.0,97.67,808.0,97.66,354.0,97.65,321.0,97.64,25.0,97.75,457.0,97.76,54.0,97.77,808.0,97.78,989.0,97.79,225.0
2024-01-01 09:30:12.900,snapshot,98.41,986.0,98.4,634.0,98.39,833.0,98.38,974.0,98.37,180.0,98.48,990.0,98.49,72.0,98.5,474.0,98.51,619.0,98.52,549.0
2024-01-01 09:30:13.050,snapshot,98.16,467.0,98.15,413.0,98.14,861.0,98.13,780.0,98.12,639.0,98.23,778.0,98.24,394.0,98.24,771.0,98.25,89.0,98.26,701.0
2024-01-01 09:30:13.200,snapshot,97.8,119.0,97.79,632.0,97.78,833.0,97.77,156.0,97.76,118.0,97.87,972.0,97.88,607.0,97.89,200.0,97.9,370.0,97.9,519.0
2024-01-01 09:30:13.350,snapshot,98.74,106.0,98.73,694.0,98.72,946.0,98.71,402.0,98.7,296.0,98.81,953.0,98.82,602.0,98.83,730.0,98.84,637.0,98.85,70.0
2024-01-01 09:30:13.500,snapshot,98.16,96.0,98.15,190.0,98.14,469.0,98.13,429.0,98.12,587.0,98.23,220.0,98.24,660.0,98.25,989.0,98.26,126.0,98.27,115.0
2024-01-01 09:30:13.650,snapshot,97.82,57.0,97.81,569.0,97.8,550.0,97.79,622.0,97.78,731.0,97.89,767.0,97.9,766.0,97.91,322.0,97.92,45.0,97.93,823.0
2024-01-01 09:30:13.800,snapshot,97.93,589.0,97.92,781.0,97.91,123.0,97.9,302.0,97.89,78.0,98.0,813.0,98.01,166.0,98.02,158.0,98.02,339.0,98.03,329.0
2024-01-01 09:30:13.950,snapshot,98.55,784.0,98.54,552.0,98.53,640.0,98.52,779.0,98.51,260.0,98.61,784.0,98.62,544.0,98.63,282.0,98.64,705.0,98.65,204.0
2024-01-01 09:30:14.100,snapshot,98.47,415.0,98.46,795.0,98.45,822.0,98.44,386.0,98.43,125.0,98.54,77.0,98.55,415.0,98.56,661.0,98.57,583.0,98.58,908.0
2024-01-01 09:30:14.250,snapshot,99.45,511.0,99.44,230.0,99.43,582.0,99.42,822.0,99.41,786.0,99.52,941.0,99.53,412.0,99.54,745.0,99.55,453.0,99.56,104.0
2024-01-01 09:30:14.400,snapshot,100.49,268.0,100.48,803.0,100.47,63.0,100.46,988.0,100.45,296.0,100.56,321.0,100.57,674.0,100.58,114.0,100.59,898.0,100.6,341.0
2024-01-01 09:30:14.550,snapshot,101.08,370.0,101.07,244.0,101.06,202.0,101.05,932.0,101.04,861.0,101.15,346.0,101.16,614.0,101.17,234.0,101.18,741.0,101.19,85.0
2024-01-01 09:30:14.700,snapshot,101.14,56.0,101.13,960.0,101.12,586.0,101.11,486.0,101.1,586.0,101.21,720.0,101.22,174.0,101.23,722.0,101.24,484.0,101.25,738.0
2024-01-01 09:30:14.850,snapshot,101.21,254.0,101.2,104.0,101.19,857.0,101.18,758.0,101.17,630.0,101.28,79.0,101.29,160.0,101.3,247.0,101.31,584.0,101.32,415.0
2024-01-01 09:30:15.000,snapshot,101.66,236.0,101.65,468.0,101.64,214.0,101.62,122.0,101.61,523.0,101.73,408.0,101.74,494.0,101.75,507.0,101.76,395.0,101.77,630.0
2024-01-01 09:30:15.150,snapshot,101.96,874.0,101.95,631.0,101.94,285.0,101.93,541.0,101.92,98.0,102.04,195.0,102.05,243.0,102.06,656.0,102.07,711.0,102.08,755.0
2024-01-01 09:30:15.300,snapshot,101.38,476.0,101.37,964.0,101.36,716.0,101.35,768.0,101.34,495.0,101.45,901.0,101.46,761.0,101.47,706.0,101.48,664.0,101.49,93.0
2024-01-01 09:30:15.450,snapshot,102.16,960.0,102.15,928.0,102.14,343.0,102.13,421.0,102.12,350.0,102.23,707.0,102.24,377.0,102.25,800.0,102.26,199.0,102.27,958.0
2024-01-01 09:30:15.600,snapshot,102.03,497.0,102.02,535.0,102.01,182.0,102.0,815.0,101.99,913.0,102.1,988.0,102.11,544.0,102.12,12.0,102.13,105.0,102.14,250.0
2024-01-01 09:30:15.750,snapshot,102.23,160.0,102.22,313.0,102.21,102.0,102.2,112.0,102.19,983.0,102.3,421.0,102.31,662.0,102.32,735.0,102.33,348.0,102.34,330.0
2024-01-01 09:30:15.900,snapshot,102.14,641.0,102.13,655.0,102.12,409.0,102.11,970.0,102.1,730.0,102.22,730.0,102.23,600.0,102.24,574.0,102.25,118.0,102.26,225.0
2024-01-01 09:30:16.050,snapshot,102.47,901.0,102.46,656.0,102.45,653.0,102.44,557.0,102.43,145.0,102.54,774.0,102.55,806.0,102.56,861.0,102.57,256.0,102.58,696.0
2024-01-01 09:30:16.200,snapshot,102.7,437.0,102.69,223.0,102.68,292.0,102.67,201.0,102.66,474.0,102.77,985.0,102.78,261.0,102.79,367.0,102.8,555.0,102.81,463.0
2024-01-01 09:30:16.350,snapshot,103.31,503.0,103.3,771.0,103.29,491.0,103.28,952.0,103.27,730.0,103.38,486.0,103.39,852.0,103.4,432.0,103.42,614.0,103.43,846.0
2024-01-01 09:30:16.500,snapshot,102.41,757.0,102.4,67.0,102.39,163.0,102.38,454.0,102.37,424.0,102.48,156.0,102.49,368.0,102.5,892.0,102.51,261.0,102.52,646.0
2024-01-01 09:30:16.650,snapshot,101.72,734.0,101.71,326.0,101.7,470.0,101.69,508.0,101.68,149.0,101.79,942.0,101.8,750.0,101.81,182.0,101.82,540.0,101.83,622.0
2024-01-01 09:30:16.800,snapshot,101.45,691.0,101.44,451.0,101.43,132.0,101.42,898.0,101.41,510.0,101.52,320.0,101.53,305.0,101.54,868.0,101.55,327.0,101.56,137.0
2024-01-01 09:30:16.950,snapshot,101.12,736.0,101.11,145.0,101.1,71.0,101.09,353.0,101.08,308.0,101.19,949.0,101.2,54.0,101.21,317.0,101.22,241.0,101.24,805.0
2024-01-01 09:30:17.100,snapshot,100.51,919.0,100.5,816.0,100.49,109.0,100.48,885.0,100.47,910.0,100.58,960.0,100.59,311.0,100.6,798.0,100.61,568.0,100.62,971.0
2024-01-01 09:30:17.250,snapshot,100.94,50.0,100.93,49.0,100.92,95.0,100.91,559.0,100.9,55.0,101.01,547.0,101.02,175.0,101.03,194.0,101.04,580.0,101.05,752.0
2024-01-01 09:30:17.400,snapshot,100.7,819.0,100.69,445.0,100.68,69.0,100.67,555.0,100.66,767.0,100.77,773.0,100.78,431.0,100.79,755.0,100.8,499.0,100.81,53.0
2024-01-01 09:30:17.550,snapshot,101.35,605.0,101.34,633.0,101.33,65.0,101.32,936.0,101.31,527.0,101.42,288.0,101.43,607.0,101.44,866.0,101.45,510.0,101.46,300.0
2024-01-01 09:30:17.700,snapshot,102.58,219.0,102.57,848.0,102.56,132.0,102.55,558.0,102.54,990.0,102.65,433.0,102.66,400.0,102.67,49.0,102.68,940.0,102.69,42.0
2024-01-01 09:30:17.850,snapshot,101.99,956.0,101.98,383.0,101.97,697.0,101.96,891.0,101.95,950.0,102.06,509.0,102.07,101.0,102.08,264.0,102.09,97.0,102.1,456.0
2024-01-01 09:30:18.000,snapshot,102.72,933.0,102.71,975.0,102.7,158.0,102.69,676.0,102.68,653.0,102.79,518.0,102.8,582.0,102.81,725.0,102.82,255.0,102.83,140.0
2024-01-01 09:30:18.150,snapshot,102.71,203.0,102.7,860.0,102.69,195.0,102.68,284.0,102.67,174.0,102.79,255.0,102.8,277.0,102.81,92.0,102.82,262.0,102.83,113.0
2024-01-01 09:30:18.300,snapshot,102.32,717.0,102.31,680.0,102.3,992.0,102.29,506.0,102.28,708.0,102.39,979.0,102.4,483.0,102.41,766.0,102.42,349.0,102.43,434.0
2024-01-01 09:30:18.450,snapshot,102.21,857.0,102.2,918.0,102.19,187.0,102.18,731.0,102.17,969.0,102.28,629.0,102.29,919.0,102.3,370.0,102.31,812.0,102.32,961.0
2024-01-01 09:30:18.600,snapshot,102.81,617.0,102.8,777.0,102.79,712.0,102.78,354.0,102.77,97.0,102.88,932.0,102.89,825.0,102.9,381.0,102.91,438.0,102.92,333.0
2024-01-01 09:30:18.750,snapshot,103.29,241.0,103.28,546.0,103.27,298.0,103.26,524.0,103.25,442.0,103.36,386.0,103.37,662.0,103.39,412.0,103.4,386.0,103.41,195.0
2024-01-01 09:30:18.900,snapshot,103.75,988.0,103.74,694.0,103.73,652.0,103.72,279.0,103.71,641.0,103.82,947.0,103.83,454.0,103.84,140.0,103.85,868.0,103.86,282.0
2024-01-01 09:30:19.050,snapshot,103.74,740.0,103.73,909.0,103.72,546.0,103.71,554.0,103.7,582.0,103.81,822.0,103.82,749.0,103.83,960.0,103.84,930.0,103.85,183.0
2024-01-01 09:30:19.200,snapshot,103.54,52.0,103.53,876.0,103.52,820.0,103.51,130.0,103.5,425.0,103.61,880.0,103.62,857.0,103.63,514.0,103.64,286.0,103.65,205.0
2024-01-01 09:30:19.350,snapshot,103.22,810.0,103.21,237.0,103.2,122.0,103.19,851.0,103.18,434.0,103.29,231.0,103.3,65.0,103.31,568.0,103.32,410.0,103.33,45.0
2024-01-01 09:30:19.500,snapshot,103.36,723.0,103.35,253.0,103.34,120.0,103.33,185.0,103.32,99.0,103.43,625.0,103.45,117.0,103.46,15.0,103.47,482.0,103.48,198.0
2024-01-01 09:30:19.650,snapshot,103.28,308.0,103.27,700.0,103.26,291.0,103.25,658.0,103.24,136.0,103.35,906.0,103.36,721.0,103.37,68.0,103.38,575.0,103.39,301.0
2024-01-01 09:30:19.800,snapshot,103.4,269.0,103.39,578.0,103.38,410.0,103.37,416.0,103.36,280.0,103.48,857.0,103.49,223.0,103.5,153.0,103.51,460.0,103.52,235.0
2024-01-01 09:30:19.950,snapshot,102.62,513.0,102.61,160.0,102.6,785.0,102.59,892.0,102.58,694.0,102.69,69.0,102.7,498.0,102.71,154.0,102.72,487.0,102.73,134.0
2024-01-01 09:30:20.100,snapshot,102.27,55.0,102.26,683.0,102.25,525.0,102.24,623.0,102.23,561.0,102.34,891.0,102.35,522.0,102.36,242.0,102.37,636.0,102.38,729.0
2024-01-01 09:30:20.250,snapshot,102.16,529.0,102.15,375.0,102.14,407.0,102.13,381.0,102.12,15.0,102.23,673.0,102.24,882.0,102.25,356.0,102.26,869.0,102.27,761.0
2024-01-01 09:30:20.400,snapshot,101.4,189.0,101.39,68.0,101.38,372.0,101.37,913.0,101.36,224.0,101.47,156.0,101.48,472.0,101.49,127.0,101.5,592.0,101.51,525.0
2024-01-01 09:30:20.550,snapshot,101.39,203.0,101.38,836.0,101.37,511.0,101.36,357.0,101.35,278.0,101.46,826.0,101.47,397.0,101.48,562.0,101.49,876.0,101.5,399.0
2024-01-01 09:30:20.700,snapshot,101.25,955.0,101.24,463.0,101.23,605.0,101.22,277.0,101.21,294.0,101.32,553.0,101.33,686.0,101.34,398.0,101.35,457.0,101.36,37.0
2024-01-01 09:30:20.850,snapshot,101.34,746.0,101.33,423.0,101.32,14.0,101.31,668.0,101.3,505.0,101.41,491.0,101.42,321.0,101.43,326.0,101.44,933.0,101.45,374.0
2024-01-01 09:30:21.000,snapshot,100.34,899.0,100.33,433.0,100.32,218.0,100.31,125.0,100.3,33.0,100.41,235.0,100.42,236.0,100.43,859.0,100.44,347.0,100.45,831.0
2024-01-01 09:30:21.150,snapshot,101.33,876.0,101.32,29.0,101.31,916.0,101.3,708.0,101.28,652.0,101.4,541.0,101.41,542.0,101.42,215.0,101.43,488.0,101.44,198.0
2024-01-01 09:30:21.300,snapshot,101.35,983.0,101.34,648.0,101.33,171.0,101.32,763.0,101.31,449.0,101.42,593.0,101.43,833.0,101.44,475.0,101.45,441.0,101.46,227.0
2024-01-01 09:30:21.450,snapshot,101.23,26.0,101.22,50.0,101.21,630.0,101.2,155.0,101.19,453.0,101.3,53.0,101.31,934.0,101.32,697.0,101.33,762.0,101.34,566.0
2024-01-01 09:30:21.600,snapshot,101.21,300.0,101.2,501.0,101.19,89.0,101.18,779.0,101.17,566.0,101.28,665.0,101.29,311.0,101.3,870.0,101.31,485.0,101.32,966.0
2024-01-01 09:30:21.750,snapshot,101.31,94.0,101.3,516.0,101.29,739.0,101.28,579.0,101.27,369.0,101.38,773.0,101.39,812.0,101.4,702.0,101.41,335.0,101.42,361.0
2024-01-01 09:30:21.900,snapshot,102.27,754.0,102.26,854.0,102.25,713.0,102.24,108.0,102.23,321.0,102.34,776.0,102.35,188.0,102.36,49.0,102.37,247.0,102.38,507.0
2024-01-01 09:30:22.050,snapshot,102.15,359.0,102.14,913.0,102.13,358.0,102.12,103.0,102.11,455.0,102.23,981.0,102.24,78.0,102.25,500.0,102.26,308.0,102.27,444.0
2024-01-01 09:30:22.200,snapshot,102.15,165.0,102.14,504.0,102.13,345.0,102.12,990.0,102.11,250.0,102.23,852.0,102.24,320.0,102.25,286.0,102.26,924.0,102.27,701.0
2024-01-01 09:30:22.350,snapshot,101.96,696.0,101.95,251.0,101.94,218.0,101.93,803.0,101.92,16.0,102.03,60.0,102.04,28.0,102.05,397.0,102.06,212.0,102.07,395.0
2024-01-01 09:30:22.500,snapshot,102.17,36.0,102.16,729.0,102.15,373.0,102.14,667.0,102.13,651.0,102.24,637.0,102.25,66.0,102.26,145.0,102.27,47.0,102.28,249.0
2024-01-01 09:30:22.650,snapshot,102.38,102.0,102.37,788.0,102.36,776.0,102.35,203.0,102.34,531.0,102.45,267.0,102.46,663.0,102.47,467.0,102.48,470.0,102.49,899.0
2024-01-01 09:30:22.800,snapshot,102.88,76.0,102.87,768.0,102.86,304.0,102.85,679.0,102.84,670.0,102.96,181.0,102.97,787.0,102.98,415.0,102.99,752.0,103.0,453.0
2024-01-01 09:30:22.950,snapshot,102.07,972.0,102.06,442.0,102.05,799.0,102.04,737.0,102.03,437.0,102.14,299.0,102.15,520.0,102.16,92.0,102.17,986.0,102.18,645.0
2024-01-01 09:30:23.100,snapshot,102.16,546.0,102.15,704.0,102.14,280.0,102.13,585.0,102.12,486.0,102.23,490.0,102.24,210.0,102.26,325.0,102.27,40.0,102.28,743.0
2024-01-01 09:30:23.250,snapshot,102.01,184.0,102.0,205.0,101.99,663.0,101.98,93.0,101.97,589.0,102.08,230.0,102.09,141.0,102.1,337.0,102.11,655.0,102.12,569.0
2024-01-01 09:30:23.400,snapshot,102.19,620.0,102.18,165.0,102.17,977.0,102.16,768.0,102.15,253.0,102.26,209.0,102.27,796.0,102.28,516.0,102.29,513.0,102.3,231.0
2024-01-01 09:30:23.550,snapshot,103.01,819.0,103.0,68.0,102.99,968.0,102.98,746.0,102.97,759.0,103.08,109.0,103.09,588.0,103.1,345.0,103.11,471.0,103.12,995.0
2024-01-01 09:30:23.700,snapshot,102.88,772.0,102.87,789.0,102.86,580.0,102.85,887.0,102.84,807.0,102.95,562.0,102.96,653.0,102.97,352.0,102.98,834.0,102.99,544.0
2024-01-01 09:30:23.850,snapshot,102.52,708.0,102.51,83.0,102.49,210.0,102.48,408.0,102.47,863.0,102.59,927.0,102.6,489.0,102.61,93.0,102.62,425.0,102.63,573.0
2024-01-01 09:30:24.000,snapshot,102.19,371.0,102.18,322.0,102.17,58.0,102.16,42.0,102.15,35.0,102.26,356.0,102.27,371.0,102.28,616.0,102.29,825.0,102.3,904.0
2024-01-01 09:30:24.150,snapshot,101.92,276.0,101.91,841.0,101.9,966.0,101.89,957.0,101.88,988.0,101.99,515.0,102.0,749.0,102.01,716.0,102.02,712.0,102.03,991.0
2024-01-01 09:30:24.300,snapshot,102.78,668.0,102.77,37.0,102.76,742.0,102.75,989.0,102.74,804.0,102.85,947.0,102.86,418.0,102.87,630.0,102.88,818.0,102.89,861.0
2024-01-01 09:30:24.450,snapshot,102.59,111.0,102.58,626.0,102.57,858.0,102.56,73.0,102.55,63.0,102.66,403.0,102.67,505.0,102.68,261.0,102.7,969.0,102.71,870.0
2024-01-01 09:30:24.600,snapshot,103.86,729.0,103.85,850.0,103.84,615.0,103.83,829.0,103.82,380.0,103.93,444.0,103.94,324.0,103.95,359.0,103.96,744.0,103.97,469.0
2024-01-01 09:30:24.750,snapshot,103.83,571.0,103.82,559.0,103.81,682.0,103.8,409.0,103.79,899.0,103.91,321.0,103.92,544.0,103.93,383.0,103.94,747.0,103.95,977.0
2024-01-01 09:30:24.900,snapshot,103.9,944.0,103.89,691.0,103.88,514.0,103.87,163.0,103.86,267.0,103.98,555.0,103.99,77.0,104.0,582.0,104.01,428.0,104.02,79.0
2024-01-01 09:30:25.050,snapshot,104.29,544.0,104.28,863.0,104.27,547.0,104.26,855.0,104.25,382.0,104.36,124.0,104.37,831.0,104.38,347.0,104.39,594.0,104.4,232.0
2024-01-01 09:30:25.200,snapshot,103.64,132.0,103.63,399.0,103.61,853.0,103.6,259.0,103.59,63.0,103.71,985.0,103.72,586.0,103.73,748.0,103.74,873.0,103.75,777.0
2024-01-01 09:30:25.350,snapshot,103.86,36.0,103.85,352.0,103.84,575.0,103.83,678.0,103.82,155.0,103.94,502.0,103.95,742.0,103.96,939.0,103.97,125.0,103.98,614.0
2024-01-01 09:30:25.500,snapshot,103.5,169.0,103.49,378.0,103.48,565.0,103.47,133.0,103.46,601.0,103.57,10.0,103.58,14.0,103.59,108.0,103.6,570.0,103.61,811.0
2024-01-01 09:30:25.650,snapshot,103.61,351.0,103.6,222.0,103.59,815.0,103.58,178.0,103.57,989.0,103.68,339.0,103.69,660.0,103.7,703.0,103.71,968.0,103.72,950.0
2024-01-01 09:30:25.800,snapshot,103.41,651.0,103.4,983.0,103.39,349.0,103.38,846.0,103.37,857.0,103.49,377.0,103.5,319.0,103.51,823.0,103.52,333.0,103.53,577.0
2024-01-01 09:30:25.950,snapshot,102.29,319.0,102.28,896.0,102.27,304.0,102.26,111.0,102.25,469.0,102.36,125.0,102.37,497.0,102.38,27.0,102.39,656.0,102.4,81.0
2024-01-01 09:30:26.100,snapshot,102.94,395.0,102.93,735.0,102.92,204.0,102.91,36.0,102.9,521.0,103.01,365.0,103.02,388.0,103.03,631.0,103.04,277.0,103.05,613.0
2024-01-01 09:30:26.250,snapshot,102.56,615.0,102.55,481.0,102.54,759.0,102.53,595.0,102.52,433.0,102.63,708.0,102.64,14.0,102.65,912.0,102.66,865.0,102.67,41.0
2024-01-01 09:30:26.400,snapshot,102.34,197.0,102.33,307.0,102.32,1000.0,102.31,587.0,102.3,517.0,102.42,84.0,102.43,539.0,102.44,49.0,102.45,465.0,102.46,489.0
2024-01-01 09:30:26.550,snapshot,102.8,86.0,102.79,639.0,102.78,615.0,102.77,838.0,102.75,496.0,102.87,976.0,102.88,634.0,102.89,144.0,102.9,585.0,102.91,395.0
2024-01-01 09:30:26.700,snapshot,103.22,639.0,103.21,753.0,103.2,229.0,103.19,160.0,103.18,13.0,103.29,772.0,103.3,69.0,103.31,933.0,103.32,354.0,103.34,49.0
2024-01-01 09:30:26.850,snapshot,102.57,380.0,102.56,296.0,102.55,229.0,102.54,290.0,102.53,700.0,102.65,505.0,102.66,111.0,102.67,242.0,102.68,103.0,102.69,743.0
2024-01-01 09:30:27.000,snapshot,102.08,614.0,102.06,584.0,102.05,404.0,102.04,726.0,102.03,177.0,102.15,360.0,102.16,629.0,102.17,223.0,102.18,663.0,102.19,458.0
2024-01-01 09:30:27.150,snapshot,101.89,381.0,101.88,605.0,101.87,651.0,101.86,250.0,101.85,693.0,101.96,505.0,101.97,761.0,101.98,785.0,101.99,683.0,102.0,918.0
2024-01-01 09:30:27.300,snapshot,102.08,827.0,102.07,38.0,102.06,790.0,102.05,600.0,102.04,238.0,102.15,903.0,102.16,511.0,102.17,704.0,102.18,497.0,102.19,609.0
2024-01-01 09:30:27.450,snapshot,102.4,599.0,102.39,980.0,102.38,840.0,102.37,763.0,102.36,21.0,102.47,512.0,102.48,118.0,102.49,309.0,102.5,988.0,102.51,449.0
2024-01-01 09:30:27.600,snapshot,101.92,578.0,101.91,322.0,101.9,163.0,101.89,373.0,101.88,482.0,101.99,462.0,102.0,659.0,102.01,570.0,102.02,970.0,102.03,145.0
2024-01-01 09:30:27.750,snapshot,102.12,645.0,102.11,908.0,102.1,476.0,102.09,216.0,102.08,946.0,102.19,515.0,102.2,766.0,102.21,812.0,102.22,327.0,102.23,937.0
2024-01-01 09:30:27.900,snapshot,102.59,492.0,102.58,221.0,102.57,110.0,102.56,669.0,102.55,478.0,102.66,247.0,102.67,123.0,102.68,135.0,102.69,286.0,102.7,270.0
2024-01-01 09:30:28.050,snapshot,102.5,963.0,102.49,731.0,102.48,656.0,102.47,407.0,102.46,100.0,102.57,315.0,102.58,964.0,102.59,956.0,102.6,534.0,102.61,493.0
2024-01-01 09:30:28.200,snapshot,102.29,302.0,102.28,73.0,102.27,393.0,102.26,154.0,102.25,986.0,102.36,334.0,102.37,560.0,102.38,949.0,102.39,41.0,102.4,24.0
2024-01-01 09:30:28.350,snapshot,101.33,505.0,101.32,790.0,101.31,327.0,101.3,667.0,101.29,814.0,101.4,493.0,101.41,720.0,101.42,856.0,101.43,355.0,101.44,381.0
2024-01-01 09:30:28.500,snapshot,101.49,501.0,101.48,999.0,101.47,816.0,101.46,190.0,101.45,526.0,101.56,648.0,101.57,910.0,101.58,159.0,101.59,426.0,101.61,583.0
2024-01-01 09:30:28.650,snapshot,101.42,583.0,101.41,369.0,101.4,695.0,101.39,602.0,101.38,471.0,101.5,521.0,101.51,862.0,101.52,227.0,101.53,635.0,101.54,886.0
2024-01-01 09:30:28.800,snapshot,101.95,876.0,101.94,760.0,101.93,312.0,101.92,97.0,101.91,203.0,102.02,218.0,102.03,242.0,102.04,197.0,102.05,505.0,102.06,870.0
2024-01-01 09:30:28.950,snapshot,101.6,865.0,101.59,277.0,101.58,485.0,101.57,902.0,101.56,855.0,101.67,33.0,101.68,116.0,101.69,451.0,101.7,136.0,101.71,945.0
2024-01-01 09:30:29.100,snapshot,100.8,929.0,100.79,558.0,100.78,686.0,100.77,253.0,100.76,951.0,100.88,461.0,100.89,975.0,100.9,630.0,100.91,48.0,100.92,237.0
2024-01-01 09:30:29.250,snapshot,100.33,457.0,100.32,869.0,100.31,420.0,100.3,58.0,100.29,31.0,100.4,124.0,100.41,47.0,100.42,156.0,100.43,707.0,100.44,918.0
2024-01-01 09:30:29.400,snapshot,100.18,106.0,100.17,900.0,100.16,346.0,100.15,64.0,100.14,709.0,100.25,477.0,100.26,845.0,100.27,833.0,100.28,989.0,100.29,81.0
2024-01-01 09:30:29.550,snapshot,100.09,95.0,100.08,836.0,100.07,357.0,100.06,185.0,100.05,938.0,100.16,373.0,100.17,601.0,100.18,855.0,100.19,178.0,100.2,66.0
2024-01-01 09:30:29.700,snapshot,100.42,382.0,100.41,702.0,100.4,701.0,100.39,63.0,100.38,517.0,100.49,985.0,100.5,657.0,100.51,570.0,100.52,428.0,100.53,640.0
2024-01-01 09:30:29.850,snapshot,99.98,863.0,99.97,930.0,99.96,934.0,99.95,956.0,99.94,752.0,100.05,252.0,100.06,997.0,100.07,829.0,100.08,350.0,100.09,864.0
2024-01-01 09:30:30.000,snapshot,99.19,648.0,99.18,636.0,99.17,276.0,99.16,962.0,99.15,321.0,99.26,303.0,99.27,42.0,99.28,671.0,99.29,317.0,99.3,704.0
2024-01-01 09:30:30.150,snapshot,98.46,799.0,98.45,120.0,98.44,120.0,98.43,177.0,98.42,556.0,98.53,87.0,98.54,626.0,98.55,661.0,98.56,808.0,98.57,994.0
2024-01-01 09:30:30.300,snapshot,98.04,885.0,98.03,767.0,98.02,469.0,98.01,185.0,98.0,790.0,98.1,450.0,98.11,994.0,98.12,944.0,98.13,679.0,98.14,359.0
2024-01-01 09:30:30.450,snapshot,98.86,731.0,98.85,752.0,98.84,529.0,98.83,459.0,98.82,414.0,98.93,457.0,98.94,83.0,98.95,529.0,98.96,645.0,98.97,250.0
2024-01-01 09:30:30.600,snapshot,98.9,543.0,98.89,847.0,98.88,148.0,98.87,517.0,98.86,369.0,98.97,929.0,98.98,496.0,98.99,345.0,99.0,232.0,99.01,522.0
2024-01-01 09:30:30.750,snapshot,98.71,65.0,98.7,916.0,98.69,234.0,98.68,801.0,98.67,307.0,98.78,87.0,98.79,231.0,98.8,800.0,98.81,623.0,98.82,832.0
2024-01-01 09:30:30.900,snapshot,97.84,98.0,97.84,950.0,97.83,343.0,97.82,486.0,97.81,400.0,97.91,135.0,97.92,36.0,97.93,223.0,97.94,305.0,97.95,22.0
2024-01-01 09:30:31.050,snapshot,97.78,356.0,97.77,466.0,97.76,971.0,97.75,358.0,97.74,965.0,97.84,983.0,97.85,160.0,97.86,188.0,97.87,883.0,97.88,98.0
2024-01-01 09:30:31.200,snapshot,97.96,233.0,97.95,387.0,97.94,721.0,97.93,20.0,97.92,608.0,98.03,473.0,98.04,557.0,98.05,545.0,98.06,196.0,98.07,683.0
2024-01-01 09:30:31.350,snapshot,98.01,359.0,98.0,886.0,97.99,187.0,97.98,936.0,97.97,473.0,98.08,94.0,98.09,599.0,98.1,335.0,98.11,829.0,98.12,105.0
2024-01-01 09:30:31.500,snapshot,99.17,147.0,99.16,272.0,99.15,402.0,99.14,25.0,99.13,978.0,99.24,577.0,99.25,269.0,99.26,186.0,99.27,559.0,99.28,772.0
2024-01-01 09:30:31.650,snapshot,99.64,85.0,99.63,843.0,99.62,610.0,99.61,942.0,99.6,136.0,99.71,687.0,99.72,287.0,99.73,479.0,99.74,885.0,99.75,889.0
2024-01-01 09:30:31.800,snapshot,99.81,484.0,99.8,987.0,99.79,161.0,99.78,450.0,99.77,459.0,99.88,550.0,99.89,588.0,99.9,464.0,99.91,641.0,99.92,989.0
2024-01-01 09:30:31.950,snapshot,99.92,135.0,99.91,603.0,99.9,212.0,99.89,336.0,99.88,317.0,99.99,275.0,100.0,723.0,100.01,388.0,100.02,230.0,100.03,90.0
2024-01-01 09:30:32.100,snapshot,100.23,951.0,100.22,319.0,100.21,323.0,100.2,584.0,100.19,815.0,100.3,81.0,100.31,61.0,100.32,761.0,100.33,582.0,100.34,102.0
2024-01-01 09:30:32.250,snapshot,100.42,402.0,100.41,663.0,100.4,485.0,100.39,763.0,100.38,73.0,100.49,644.0,100.5,872.0,100.51,742.0,100.52,940.0,100.53,569.0
2024-01-01 09:30:32.400,snapshot,100.49,614.0,100.48,859.0,100.47,882.0,100.46,564.0,100.45,371.0,100.56,345.0,100.57,431.0,100.58,828.0,100.59,749.0,100.6,328.0
2024-01-01 09:30:32.550,snapshot,100.23,552.0,100.22,892.0,100.21,747.0,100.2,732.0,100.19,997.0,100.3,948.0,100.31,535.0,100.32,316.0,100.33,926.0,100.34,602.0
2024-01-01 09:30:32.700,snapshot,99.78,45.0,99.77,54.0,99.76,29.0,99.75,700.0,99.74,828.0,99.85,722.0,99.86,879.0,99.87,719.0,99.88,815.0,99.89,920.0
2024-01-01 09:30:32.850,snapshot,98.96,86.0,98.95,589.0,98.94,438.0,98.93,224.0,98.92,130.0,99.03,383.0,99.04,389.0,99.05,556.0,99.06,673.0,99.07,699.0
2024-01-01 09:30:33.000,snapshot,99.47,96.0,99.46,896.0,99.45,161.0,99.44,893.0,99.43,397.0,99.54,174.0,99.55,665.0,99.56,694.0,99.57,342.0,99.58,206.0
2024-01-01 09:30:33.150,snapshot,99.85,399.0,99.84,813.0,99.83,69.0,99.82,67.0,99.81,692.0,99.92,684.0,99.93,431.0,99.94,694.0,99.95,773.0,99.96,136.0
2024-01-01 09:30:33.300,snapshot,99.41,382.0,99.4,635.0,99.39,17.0,99.38,92.0,99.37,256.0,99.48,565.0,99.49,548.0,99.5,205.0,99.51,260.0,99.52,908.0
2024-01-01 09:30:33.450,snapshot,99.06,932.0,99.05,594.0,99.04,87.0,99.03,409.0,99.02,228.0,99.13,25.0,99.14,73.0,99.15,153.0,99.16,777.0,99.17,647.0
2024-01-01 09:30:33.600,snapshot,99.54,927.0,99.53,77.0,99.52,313.0,99.51,924.0,99.5,255.0,99.61,360.0,99.62,419.0,99.63,505.0,99.64,643.0,99.65,821.0
2024-01-01 09:30:33.750,snapshot,98.51,776.0,98.5,167.0,98.49,203.0,98.48,982.0,98.47,623.0,98.58,988.0,98.59,282.0,98.6,879.0,98.61,217.0,98.62,524.0
2024-01-01 09:30:33.900,snapshot,98.33,207.0,98.32,336.0,98.31,769.0,98.3,264.0,98.29,819.0,98.4,949.0,98.41,506.0,98.42,978.0,98.43,377.0,98.44,100.0
2024-01-01 09:30:34.050,snapshot,98.36,735.0,98.35,380.0,98.34,358.0,98.33,501.0,98.32,770.0,98.43,584.0,98.44,893.0,98.45,331.0,98.46,373.0,98.46,983.0
2024-01-01 09:30:34.200,snapshot,98.44,114.0,98.43,802.0,98.42,350.0,98.41,843.0,98.4,904.0,98.5,846.0,98.51,25.0,98.52,344.0,98.53,894.0,98.54,25.0
2024-01-01 09:30:34.350,snapshot,98.89,301.0,98.88,96.0,98.87,13.0,98.86,230.0,98.85,581.0,98.96,278.0,98.97,445.0,98.98,819.0,98.99,982.0,99.0,781.0
2024-01-01 09:30:34.500,snapshot,98.81,568.0,98.8,849.0,98.79,928.0,98.78,34.0,98.77,650.0,98.88,113.0,98.89,850.0,98.9,692.0,98.91,217.0,98.92,512.0
2024-01-01 09:30:34.650,snapshot,98.64,510.0,98.63,55.0,98.62,172.0,98.61,93.0,98.6,350.0,98.71,169.0,98.72,231.0,98.73,339.0,98.74,213.0,98.75,974.0
2024-01-01 09:30:34.800,snapshot,97.65,57.0,97.64,253.0,97.63,837.0,97.62,91.0,97.61,969.0,97.72,845.0,97.73,955.0,97.74,340.0,97.75,21.0,97.76,980.0
2024-01-01 09:30:34.950,snapshot,97.57,362.0,97.56,516.0,97.55,600.0,97.54,618.0,97.53,224.0,97.64,741.0,97.65,251.0,97.66,459.0,97.67,554.0,97.68,967.0
2024-01-01 09:30:35.100,snapshot,97.04,218.0,97.03,580.0,97.02,920.0,97.01,102.0,97.0,796.0,97.11,999.0,97.12,323.0,97.13,506.0,97.14,19.0,97.15,230.0
2024-01-01 09:30:35.250,snapshot,96.52,996.0,96.51,344.0,96.5,701.0,96.49,28.0,96.48,651.0,96.59,775.0,96.6,692.0,96.61,325.0,96.62,220.0,96.63,461.0
2024-01-01 09:30:35.400,snapshot,96.52,554.0,96.51,637.0,96.5,55.0,96.49,271.0,96.48,619.0,96.59,861.0,96.59,181.0,96.6,309.0,96.61,941.0,96.62,512.0
2024-01-01 09:30:35.550,snapshot,96.21,208.0,96.2,649.0,96.19,420.0,96.18,637.0,96.17,93.0,96.28,918.0,96.29,604.0,96.3,200.0,96.31,72.0,96.32,485.0
2024-01-01 09:30:35.700,snapshot,96.39,733.0,96.38,800.0,96.37,508.0,96.36,741.0,96.35,100.0,96.46,750.0,96.47,122.0,96.48,290.0,96.49,178.0,96.5,659.0
2024-01-01 09:30:35.850,snapshot,96.61,192.0,96.6,528.0,96.59,857.0,96.58,260.0,96.57,118.0,96.68,733.0,96.69,295.0,96.7,949.0,96.71,724.0,96.72,867.0
2024-01-01 09:30:36.000,snapshot,96.05,161.0,96.04,508.0,96.03,409.0,96.02,227.0,96.01,388.0,96.12,432.0,96.13,329.0,96.14,669.0,96.15,535.0,96.16,577.0
2024-01-01 09:30:36.150,snapshot,95.57,931.0,95.56,438.0,95.55,804.0,95.54,381.0,95.53,679.0,95.63,775.0,95.64,310.0,95.65,654.0,95.66,494.0,95.67,195.0
2024-01-01 09:30:36.300,snapshot,96.09,79.0,96.08,602.0,96.07,93.0,96.06,604.0,96.05,335.0,96.15,167.0,96.16,804.0,96.17,572.0,96.18,461.0,96.19,292.0
2024-01-01 09:30:36.450,snapshot,96.03,411.0,96.02,77.0,96.01,912.0,96.0,695.0,95.99,995.0,96.09,582.0,96.1,267.0,96.11,700.0,96.12,388.0,96.13,428.0
2024-01-01 09:30:36.600,snapshot,95.47,779.0,95.46,827.0,95.45,736.0,95.44,254.0,95.43,511.0,95.54,302.0,95.55,915.0,95.56,538.0,95.57,921.0,95.58,909.0
2024-01-01 09:30:36.750,snapshot,95.57,821.0,95.56,459.0,95.55,552.0,95.55,57.0,95.54,627.0,95.64,121.0,95.65,18.0,95.66,848.0,95.67,431.0,95.68,824.0
2024-01-01 09:30:36.900,snapshot,95.04,409.0,95.03,529.0,95.02,898.0,95.01,873.0,95.0,873.0,95.1,160.0,95.11,464.0,95.12,484.0,95.13,811.0,95.14,221.0
2024-01-01 09:30:37.050,snapshot,95.56,359.0,95.55,314.0,95.54,925.0,95.53,217.0,95.52,736.0,95.62,767.0,95.63,890.0,95.64,424.0,95.65,782.0,95.66,91.0
2024-01-01 09:30:37.200,snapshot,95.47,120.0,95.46,617.0,95.45,106.0,95.44,945.0,95.43,411.0,95.54,443.0,95.55,897.0,95.56,763.0,95.57,985.0,95.58,829.0
2024-01-01 09:30:37.350,snapshot,94.13,579.0,94.12,397.0,94.11,734.0,94.1,475.0,94.09,654.0,94.2,527.0,94.21,436.0,94.22,666.0,94.23,43.0,94.24,260.0
2024-01-01 09:30:37.500,snapshot,94.56,138.0,94.55,717.0,94.54,399.0,94.53,613.0,94.52,295.0,94.62,579.0,94.63,666.0,94.64,544.0,94.65,541.0,94.66,466.0
2024-01-01 09:30:37.650,snapshot,94.22,552.0,94.21,795.0,94.2,695.0,94.19,532.0,94.18,133.0,94.29,898.0,94.3,717.0,94.3,802.0,94.31,486.0,94.32,737.0
2024-01-01 09:30:37.800,snapshot,95.11,117.0,95.1,578.0,95.09,828.0,95.08,41.0,95.07,396.0,95.17,854.0,95.18,395.0,95.19,323.0,95.2,495.0,95.21,211.0
2024-01-01 09:30:37.950,snapshot,94.82,801.0,94.81,509.0,94.8,436.0,94.79,143.0,94.78,113.0,94.89,921.0,94.9,702.0,94.91,316.0,94.91,236.0,94.92,903.0
2024-01-01 09:30:38.100,snapshot,94.75,268.0,94.74,606.0,94.73,639.0,94.72,230.0,94.71,357.0,94.82,145.0,94.83,354.0,94.84,602.0,94.85,270.0,94.86,810.0
2024-01-01 09:30:38.250,snapshot,94.35,654.0,94.34,398.0,94.33,684.0,94.32,751.0,94.31,381.0,94.42,250.0,94.42,162.0,94.43,980.0,94.44,195.0,94.45,284.0
2024-01-01 09:30:38.400,snapshot,94.42,131.0,94.42,626.0,94.41,959.0,94.4,12.0,94.39,563.0,94.49,306.0,94.5,711.0,94.51,475.0,94.52,718.0,94.53,263.0
2024-01-01 09:30:38.550,snapshot,94.27,736.0,94.26,574.0,94.25,132.0,94.24,111.0,94.23,122.0,94.34,687.0,94.35,880.0,94.36,586.0,94.37,772.0,94.37,727.0
2024-01-01 09:30:38.700,snapshot,94.1,213.0,94.09,530.0,94.09,63.0,94.08,697.0,94.07,256.0,94.17,542.0,94.18,483.0,94.19,440.0,94.2,656.0,94.21,37.0
2024-01-01 09:30:38.850,snapshot,93.54,991.0,93.53,142.0,93.52,140.0,93.51,927.0,93.5,506.0,93.6,948.0,93.61,929.0,93.62,504.0,93.63,358.0,93.64,452.0
2024-01-01 09:30:39.000,snapshot,92.75,252.0,92.74,539.0,92.73,363.0,92.72,876.0,92.71,588.0,92.82,559.0,92.83,41.0,92.83,865.0,92.84,670.0,92.85,865.0
2024-01-01 09:30:39.150,snapshot,92.47,217.0,92.46,481.0,92.45,43.0,92.44,908.0,92.43,643.0,92.54,109.0,92.54,686.0,92.55,397.0,92.56,678.0,92.57,592.0
2024-01-01 09:30:39.300,snapshot,91.94,703.0,91.93,916.0,91.92,550.0,91.91,819.0,91.9,34.0,92.0,223.0,92.01,256.0,92.02,137.0,92.03,600.0,92.04,816.0
2024-01-01 09:30:39.450,snapshot,92.88,82.0,92.87,503.0,92.86,837.0,92.85,754.0,92.84,312.0,92.94,214.0,92.95,310.0,92.96,634.0,92.97,643.0,92.98,385.0
2024-01-01 09:30:39.600,snapshot,92.91,625.0,92.9,649.0,92.89,663.0,92.88,492.0,92.87,223.0,92.97,789.0,92.98,503.0,92.99,706.0,93.0,461.0,93.01,779.0
2024-01-01 09:30:39.750,snapshot,93.85,776.0,93.84,628.0,93.83,312.0,93.82,787.0,93.82,939.0,93.92,456.0,93.93,647.0,93.94,793.0,93.95,736.0,93.96,402.0
2024-01-01 09:30:39.900,snapshot,94.01,97.0,94.0,568.0,93.99,802.0,93.98,556.0,93.97,626.0,94.07,519.0,94.08,263.0,94.09,191.0,94.1,165.0,94.11,378.0
2024-01-01 09:30:40.050,snapshot,93.06,902.0,93.05,581.0,93.04,496.0,93.03,482.0,93.02,140.0,93.13,505.0,93.14,808.0,93.14,268.0,93.15,988.0,93.16,137.0
2024-01-01 09:30:40.200,snapshot,92.33,946.0,92.32,45.0,92.31,156.0,92.3,773.0,92.3,572.0,92.4,729.0,92.41,720.0,92.42,500.0,92.42,242.0,92.43,30.0
2024-01-01 09:30:40.350,snapshot,92.12,477.0,92.11,144.0,92.1,173.0,92.09,425.0,92.08,696.0,92.19,575.0,92.19,704.0,92.2,836.0,92.21,300.0,92.22,228.0
2024-01-01 09:30:40.500,snapshot,92.75,259.0,92.74,927.0,92.73,683.0,92.72,504.0,92.71,863.0,92.81,433.0,92.82,243.0,92.83,694.0,92.84,448.0,92.85,432.0
2024-01-01 09:30:40.650,snapshot,93.24,337.0,93.23,609.0,93.22,986.0,93.21,971.0,93.2,877.0,93.3,108.0,93.31,930.0,93.32,749.0,93.33,15.0,93.34,497.0
2024-01-01 09:30:40.800,snapshot,92.49,801.0,92.48,882.0,92.47,28.0,92.46,594.0,92.45,418.0,92.55,123.0,92.56,974.0,92.57,595.0,92.58,707.0,92.59,201.0
2024-01-01 09:30:40.950,snapshot,92.18,550.0,92.17,634.0,92.16,578.0,92.15,380.0,92.15,194.0,92.25,837.0,92.26,842.0,92.27,411.0,92.27,228.0,92.28,838.0
2024-01-01 09:30:41.100,snapshot,91.77,464.0,91.76,264.0,91.75,412.0,91.75,78.0,91.74,769.0,91.84,384.0,91.85,241.0,91.86,893.0,91.86,908.0,91.87,72.0
2024-01-01 09:30:41.250,snapshot,92.17,358.0,92.16,884.0,92.15,853.0,92.14,224.0,92.13,122.0,92.23,258.0,92.24,183.0,92.25,307.0,92.26,896.0,92.27,626.0
2024-01-01 09:30:41.400,snapshot,92.43,167.0,92.42,202.0,92.41,586.0,92.4,908.0,92.39,413.0,92.49,182.0,92.5,654.0,92.51,479.0,92.52,894.0,92.53,174.0
2024-01-01 09:30:41.550,snapshot,92.39,850.0,92.38,184.0,92.37,537.0,92.36,26.0,92.35,141.0,92.45,604.0,92.46,647.0,92.47,284.0,92.48,943.0,92.49,186.0
2024-01-01 09:30:41.700,snapshot,91.66,74.0,91.65,992.0,91.64,294.0,91.63,145.0,91.62,652.0,91.72,912.0,91.73,292.0,91.74,889.0,91.75,492.0,91.76,38.0
2024-01-01 09:30:41.850,snapshot,92.06,678.0,92.05,789.0,92.04,117.0,92.03,156.0,92.02,81.0,92.12,300.0,92.13,323.0,92.14,219.0,92.15,953.0,92.16,143.0
2024-01-01 09:30:42.000,snapshot,92.78,929.0,92.77,961.0,92.76,239.0,92.76,233.0,92.75,213.0,92.85,909.0,92.86,643.0,92.87,798.0,92.88,290.0,92.89,773.0
2024-01-01 09:30:42.150,snapshot,92.99,848.0,92.98,939.0,92.97,714.0,92.96,297.0,92.95,682.0,93.05,456.0,93.06,650.0,93.07,729.0,93.08,180.0,93.09,656.0
2024-01-01 09:30:42.300,snapshot,93.28,224.0,93.27,844.0,93.26,24.0,93.25,11.0,93.24,65.0,93.35,488.0,93.36,539.0,93.36,378.0,93.37,860.0,93.38,762.0
2024-01-01 09:30:42.450,snapshot,93.1,544.0,93.09,231.0,93.08,366.0,93.08,88.0,93.07,332.0,93.17,984.0,93.18,390.0,93.19,779.0,93.2,818.0,93.21,853.0
2024-01-01 09:30:42.600,snapshot,93.31,274.0,93.3,447.0,93.29,911.0,93.29,99.0,93.28,410.0,93.38,758.0,93.39,91.0,93.4,470.0,93.41,130.0,93.42,223.0
2024-01-01 09:30:42.750,snapshot,93.58,256.0,93.57,313.0,93.56,993.0,93.55,907.0,93.54,345.0,93.64,709.0,93.65,521.0,93.66,273.0,93.67,660.0,93.68,256.0
2024-01-01 09:30:42.900,snapshot,92.94,567.0,92.93,157.0,92.92,939.0,92.91,929.0,92.9,685.0,93.0,26.0,93.01,449.0,93.02,469.0,93.03,785.0,93.04,189.0
2024-01-01 09:30:43.050,snapshot,93.77,209.0,93.76,742.0,93.75,733.0,93.74,178.0,93.73,135.0,93.84,759.0,93.84,518.0,93.85,376.0,93.86,545.0,93.87,266.0
2024-01-01 09:30:43.200,snapshot,93.16,945.0,93.15,757.0,93.14,747.0,93.13,583.0,93.12,749.0,93.22,146.0,93.23,901.0,93.24,980.0,93.25,587.0,93.26,663.0
2024-01-01 09:30:43.350,snapshot,93.29,533.0,93.28,765.0,93.27,163.0,93.26,878.0,93.25,184.0,93.35,841.0,93.36,19.0,93.37,955.0,93.38,448.0,93.39,922.0
2024-01-01 09:30:43.500,snapshot,94.66,693.0,94.65,365.0,94.64,805.0,94.63,764.0,94.62,563.0,94.73,942.0,94.74,452.0,94.75,637.0,94.76,29.0,94.76,494.0
2024-01-01 09:30:43.650,snapshot,95.07,295.0,95.06,115.0,95.05,666.0,95.04,917.0,95.03,972.0,95.14,21.0,95.15,308.0,95.15,657.0,95.16,534.0,95.17,878.0
2024-01-01 09:30:43.800,snapshot,94.73,966.0,94.72,490.0,94.71,630.0,94.7,979.0,94.69,279.0,94.8,956.0,94.81,848.0,94.82,602.0,94.83,157.0,94.84,555.0
2024-01-01 09:30:43.950,snapshot,94.52,419.0,94.51,201.0,94.51,20.0,94.5,596.0,94.49,194.0,94.59,228.0,94.6,858.0,94.61,152.0,94.62,751.0,94.63,231.0
2024-01-01 09:30:44.100,snapshot,94.07,526.0,94.06,522.0,94.05,45.0,94.04,991.0,94.03,58.0,94.13,833.0,94.14,88.0,94.15,494.0,94.16,460.0,94.17,279.0
2024-01-01 09:30:44.250,snapshot,94.13,338.0,94.12,928.0,94.11,199.0,94.1,610.0,94.09,622.0,94.19,207.0,94.2,284.0,94.21,74.0,94.22,821.0,94.23,143.0
2024-01-01 09:30:44.400,snapshot,94.59,810.0,94.58,993.0,94.57,425.0,94.56,955.0,94.55,231.0,94.66,56.0,94.66,591.0,94.67,412.0,94.68,589.0,94.69,415.0
2024-01-01 09:30:44.550,snapshot,94.67,221.0,94.66,80.0,94.65,465.0,94.64,144.0,94.63,238.0,94.74,541.0,94.74,179.0,94.75,673.0,94.76,746.0,94.77,983.0
2024-01-01 09:30:44.700,snapshot,93.83,687.0,93.82,605.0,93.81,460.0,93.8,564.0,93.79,227.0,93.9,195.0,93.9,485.0,93.91,601.0,93.92,763.0,93.93,750.0
2024-01-01 09:30:44.850,snapshot,93.35,959.0,93.34,492.0,93.33,547.0,93.32,182.0,93.31,447.0,93.42,553.0,93.42,995.0,93.43,474.0,93.44,223.0,93.45,542.0
2024-01-01 09:30:45.000,snapshot,93.87,227.0,93.86,924.0,93.85,578.0,93.84,255.0,93.83,990.0,93.93,88.0,93.94,289.0,93.95,780.0,93.96,450.0,93.97,858.0
2024-01-01 09:30:45.150,snapshot,94.43,79.0,94.42,675.0,94.41,549.0,94.4,596.0,94.39,601.0,94.49,76.0,94.5,160.0,94.51,759.0,94.52,821.0,94.53,652.0
2024-01-01 09:30:45.300,snapshot,94.07,288.0,94.06,765.0,94.05,498.0,94.04,980.0,94.03,981.0,94.14,254.0,94.15,32.0,94.16,813.0,94.17,976.0,94.18,774.0
2024-01-01 09:30:45.450,snapshot,93.68,572.0,93.67,208.0,93.66,962.0,93.65,778.0,93.65,683.0,93.75,950.0,93.76,993.0,93.77,682.0,93.78,613.0,93.79,863.0
2024-01-01 09:30:45.600,snapshot,93.79,422.0,93.78,924.0,93.77,647.0,93.76,793.0,93.75,366.0,93.85,941.0,93.86,541.0,93.87,620.0,93.88,12.0,93.89,806.0
2024-01-01 09:30:45.750,snapshot,94.26,783.0,94.25,186.0,94.24,906.0,94.23,311.0,94.22,779.0,94.33,163.0,94.34,887.0,94.35,164.0,94.36,218.0,94.37,104.0
2024-01-01 09:30:45.900,snapshot,94.48,192.0,94.47,996.0,94.46,62.0,94.45,706.0,94.44,335.0,94.54,50.0,94.55,367.0,94.56,63.0,94.57,93.0,94.58,282.0
2024-01-01 09:30:46.050,snapshot,94.58,780.0,94.57,175.0,94.56,729.0,94.55,487.0,94.54,646.0,94.65,545.0,94.66,632.0,94.67,951.0,94.68,63.0,94.68,128.0
2024-01-01 09:30:46.200,snapshot,94.68,544.0,94.67,934.0,94.66,679.0,94.65,705.0,94.64,611.0,94.74,620.0,94.75,347.0,94.76,224.0,94.77,304.0,94.78,283.0
2024-01-01 09:30:46.350,snapshot,94.57,737.0,94.56,863.0,94.55,640.0,94.54,491.0,94.53,610.0,94.64,279.0,94.65,117.0,94.66,405.0,94.67,767.0,94.68,310.0
2024-01-01 09:30:46.500,snapshot,94.39,347.0,94.38,586.0,94.37,312.0,94.36,489.0,94.35,37.0,94.45,898.0,94.46,873.0,94.47,986.0,94.48,787.0,94.49,320.0
2024-01-01 09:30:46.650,snapshot,95.6,645.0,95.59,933.0,95.58,504.0,95.57,341.0,95.56,472.0,95.66,385.0,95.67,646.0,95.68,718.0,95.69,209.0,95.7,224.0
2024-01-01 09:30:46.800,snapshot,95.44,621.0,95.43,915.0,95.42,692.0,95.41,264.0,95.4,562.0,95.51,570.0,95.52,52.0,95.53,681.0,95.54,888.0,95.55,305.0
2024-01-01 09:30:46.950,snapshot,95.55,110.0,95.54,644.0,95.53,82.0,95.52,534.0,95.51,292.0,95.61,388.0,95.62,274.0,95.63,275.0,95.64,872.0,95.65,998.0
2024-01-01 09:30:47.100,snapshot,95.9,733.0,95.89,332.0,95.88,814.0,95.87,925.0,95.86,838.0,95.97,812.0,95.98,686.0,95.99,244.0,96.0,83.0,96.01,95.0
2024-01-01 09:30:47.250,snapshot,96.0,93.0,95.99,699.0,95.98,139.0,95.97,795.0,95.96,465.0,96.07,979.0,96.08,515.0,96.09,127.0,96.1,663.0,96.11,521.0
2024-01-01 09:30:47.400,snapshot,96.83,18.0,96.82,566.0,96.81,54.0,96.8,119.0,96.79,142.0,96.9,852.0,96.91,246.0,96.92,151.0,96.93,644.0,96.94,655.0
2024-01-01 09:30:47.550,snapshot,96.65,689.0,96.64,388.0,96.63,129.0,96.62,993.0,96.61,249.0,96.71,960.0,96.72,513.0,96.73,273.0,96.74,858.0,96.75,643.0
2024-01-01 09:30:47.700,snapshot,97.22,110.0,97.21,795.0,97.2,486.0,97.19,650.0,97.18,642.0,97.29,800.0,97.3,113.0,97.31,122.0,97.32,306.0,97.33,939.0
2024-01-01 09:30:47.850,snapshot,97.52,945.0,97.51,779.0,97.5,852.0,97.49,41.0,97.48,24.0,97.59,789.0,97.6,113.0,97.61,634.0,97.62,643.0,97.63,50.0
2024-01-01 09:30:48.000,snapshot,97.72,460.0,97.71,176.0,97.71,227.0,97.7,542.0,97.69,251.0,97.79,481.0,97.8,193.0,97.81,92.0,97.82,90.0,97.83,620.0
2024-01-01 09:30:48.150,snapshot,98.12,388.0,98.11,38.0,98.1,833.0,98.09,626.0,98.08,511.0,98.19,170.0,98.2,891.0,98.21,271.0,98.22,91.0,98.23,427.0
2024-01-01 09:30:48.300,snapshot,97.74,867.0,97.73,260.0,97.72,813.0,97.71,955.0,97.7,870.0,97.81,172.0,97.82,357.0,97.83,531.0,97.84,869.0,97.85,63.0
2024-01-01 09:30:48.450,snapshot,98.49,299.0,98.48,938.0,98.47,446.0,98.46,644.0,98.45,539.0,98.56,964.0,98.57,458.0,98.58,688.0,98.59,565.0,98.6,756.0
2024-01-01 09:30:48.600,snapshot,98.53,312.0,98.52,301.0,98.51,685.0,98.5,306.0,98.49,14.0,98.6,479.0,98.61,855.0,98.62,627.0,98.63,919.0,98.64,75.0
2024-01-01 09:30:48.750,snapshot,98.61,298.0,98.6,118.0,98.59,592.0,98.58,240.0,98.57,496.0,98.68,526.0,98.69,517.0,98.7,32.0,98.71,480.0,98.72,444.0
2024-01-01 09:30:48.900,snapshot,98.99,578.0,98.98,587.0,98.97,992.0,98.96,77.0,98.95,406.0,99.06,32.0,99.07,153.0,99.08,161.0,99.09,782.0,99.1,456.0
2024-01-01 09:30:49.050,snapshot,98.86,436.0,98.85,54.0,98.84,380.0,98.83,103.0,98.82,221.0,98.93,761.0,98.94,963.0,98.95,187.0,98.96,668.0,98.97,335.0
2024-01-01 09:30:49.200,snapshot,99.51,549.0,99.5,450.0,99.49,855.0,99.48,89.0,99.47,390.0,99.58,414.0,99.59,183.0,99.6,378.0,99.61,196.0,99.62,416.0
2024-01-01 09:30:49.350,snapshot,99.24,178.0,99.23,942.0,99.22,684.0,99.21,331.0,99.2,956.0,99.31,97.0,99.32,11.0,99.33,997.0,99.34,749.0,99.35,146.0
2024-01-01 09:30:49.500,snapshot,98.65,864.0,98.64,741.0,98.63,687.0,98.62,387.0,98.61,617.0,98.72,525.0,98.73,744.0,98.74,683.0,98.75,952.0,98.76,539.0
2024-01-01 09:30:49.650,snapshot,98.39,204.0,98.38,321.0,98.37,491.0,98.36,596.0,98.35,97.0,98.46,255.0,98.47,465.0,98.48,284.0,98.49,415.0,98.5,263.0
2024-01-01 09:30:49.800,snapshot,98.39,697.0,98.38,426.0,98.37,521.0,98.36,538.0,98.35,232.0,98.46,19.0,98.47,955.0,98.48,943.0,98.49,225.0,98.5,677.0
2024-01-01 09:30:49.950,snapshot,98.4,124.0,98.39,794.0,98.38,491.0,98.37,36.0,98.36,186.0,98.47,169.0,98.48,726.0,98.49,322.0,98.5,321.0,98.51,897.0
2024-01-01 09:30:50.100,snapshot,99.32,357.0,99.31,30.0,99.3,84.0,99.29,115.0,99.28,152.0,99.39,232.0,99.4,102.0,99.41,369.0,99.42,412.0,99.43,856.0
2024-01-01 09:30:50.250,snapshot,98.97,801.0,98.96,74.0,98.95,802.0,98.94,152.0,98.93,635.0,99.04,294.0,99.05,691.0,99.06,551.0,99.07,22.0,99.08,954.0
2024-01-01 09:30:50.400,snapshot,99.83,893.0,99.82,719.0,99.81,894.0,99.8,797.0,99.79,538.0,99.9,677.0,99.91,697.0,99.92,628.0,99.93,250.0,99.94,839.0
2024-01-01 09:30:50.550,snapshot,99.82,480.0,99.81,478.0,99.8,17.0,99.79,363.0,99.78,305.0,99.89,592.0,99.9,312.0,99.91,159.0,99.92,296.0,99.93,931.0
2024-01-01 09:30:50.700,snapshot,100.22,257.0,100.21,360.0,100.2,533.0,100.19,466.0,100.18,376.0,100.29,674.0,100.3,809.0,100.31,377.0,100.32,284.0,100.33,895.0
2024-01-01 09:30:50.850,snapshot,99.75,456.0,99.74,194.0,99.73,42.0,99.72,957.0,99.71,239.0,99.82,554.0,99.83,365.0,99.84,123.0,99.85,510.0,99.86,188.0
2024-01-01 09:30:51.000,snapshot,99.29,803.0,99.28,704.0,99.27,180.0,99.26,726.0,99.25,695.0,99.36,148.0,99.37,258.0,99.38,776.0,99.39,469.0,99.4,201.0
2024-01-01 09:30:51.150,snapshot,98.87,814.0,98.86,261.0,98.85,529.0,98.84,328.0,98.83,792.0,98.94,919.0,98.95,606.0,98.96,765.0,98.97,27.0,98.98,994.0
2024-01-01 09:30:51.300,snapshot,98.52,600.0,98.51,733.0,98.5,61.0,98.49,582.0,98.48,552.0,98.59,201.0,98.6,527.0,98.61,33.0,98.62,549.0,98.63,966.0
2024-01-01 09:30:51.450,snapshot,98.38,147.0,98.37,958.0,98.36,236.0,98.35,631.0,98.34,997.0,98.45,475.0,98.46,341.0,98.47,259.0,98.48,680.0,98.49,636.0
2024-01-01 09:30:51.600,snapshot,98.73,474.0,98.72,632.0,98.71,35.0,98.7,728.0,98.69,706.0,98.8,789.0,98.81,671.0,98.82,917.0,98.83,973.0,98.84,47.0
2024-01-01 09:30:51.750,snapshot,98.63,33.0,98.62,978.0,98.61,290.0,98.6,409.0,98.59,282.0,98.7,672.0,98.71,827.0,98.72,574.0,98.73,60.0,98.74,319.0
2024-01-01 09:30:51.900,snapshot,98.24,708.0,98.23,562.0,98.22,21.0,98.21,340.0,98.2,820.0,98.31,766.0,98.32,832.0,98.33,198.0,98.34,766.0,98.35,129.0
2024-01-01 09:30:52.050,snapshot,97.89,330.0,97.88,857.0,97.87,720.0,97.86,970.0,97.85,17.0,97.96,51.0,97.97,700.0,97.98,484.0,97.99,917.0,98.0,111.0
2024-01-01 09:30:52.200,snapshot,98.02,310.0,98.01,381.0,98.0,565.0,97.99,480.0,97.98,865.0,98.09,774.0,98.1,28.0,98.11,14.0,98.12,40.0,98.13,707.0
2024-01-01 09:30:52.350,snapshot,98.53,36.0,98.52,802.0,98.51,204.0,98.5,793.0,98.49,254.0,98.59,453.0,98.6,36.0,98.61,274.0,98.62,462.0,98.63,181.0
2024-01-01 09:30:52.500,snapshot,98.03,467.0,98.02,625.0,98.01,546.0,98.0,614.0,97.99,883.0,98.1,648.0,98.11,466.0,98.12,535.0,98.13,398.0,98.14,518.0
2024-01-01 09:30:52.650,snapshot,97.6,848.0,97.59,97.0,97.58,992.0,97.57,840.0,97.56,662.0,97.67,839.0,97.68,63.0,97.69,345.0,97.7,35.0,97.71,482.0
2024-01-01 09:30:52.800,snapshot,98.33,669.0,98.32,334.0,98.31,793.0,98.3,125.0,98.29,906.0,98.39,920.0,98.4,288.0,98.41,70.0,98.42,565.0,98.43,826.0
2024-01-01 09:30:52.950,snapshot,98.21,97.0,98.2,287.0,98.19,556.0,98.18,827.0,98.17,136.0,98.28,647.0,98.29,97.0,98.3,508.0,98.31,502.0,98.32,753.0
2024-01-01 09:30:53.100,snapshot,98.44,856.0,98.43,345.0,98.42,834.0,98.41,647.0,98.4,91.0,98.51,103.0,98.52,115.0,98.53,721.0,98.54,167.0,98.55,727.0
2024-01-01 09:30:53.250,snapshot,98.15,639.0,98.14,28.0,98.13,238.0,98.12,922.0,98.11,218.0,98.21,76.0,98.22,272.0,98.23,833.0,98.24,116.0,98.25,961.0
2024-01-01 09:30:53.400,snapshot,97.6,948.0,97.59,253.0,97.58,223.0,97.57,202.0,97.56,744.0,97.67,478.0,97.68,270.0,97.69,312.0,97.7,987.0,97.71,961.0
2024-01-01 09:30:53.550,snapshot,97.83,656.0,97.82,900.0,97.81,401.0,97.8,753.0,97.79,453.0,97.9,213.0,97.91,374.0,97.92,562.0,97.93,489.0,97.94,397.0
2024-01-01 09:30:53.700,snapshot,97.17,432.0,97.16,71.0,97.16,123.0,97.15,774.0,97.14,823.0,97.24,687.0,97.25,170.0,97.26,345.0,97.27,401.0,97.28,472.0
2024-01-01 09:30:53.850,snapshot,95.85,519.0,95.84,702.0,95.83,199.0,95.82,917.0,95.82,631.0,95.92,579.0,95.93,104.0,95.94,374.0,95.95,568.0,95.96,636.0
2024-01-01 09:30:54.000,snapshot,95.71,197.0,95.7,224.0,95.7,201.0,95.69,370.0,95.68,428.0,95.78,448.0,95.79,688.0,95.8,955.0,95.81,143.0,95.82,840.0
2024-01-01 09:30:54.150,snapshot,95.75,407.0,95.74,420.0,95.73,95.0,95.72,773.0,95.71,591.0,95.82,449.0,95.83,68.0,95.84,841.0,95.85,884.0,95.86,636.0
2024-01-01 09:30:54.300,snapshot,95.2,189.0,95.19,457.0,95.19,962.0,95.18,560.0,95.17,746.0,95.27,575.0,95.28,349.0,95.29,577.0,95.3,832.0,95.31,299.0
2024-01-01 09:30:54.450,snapshot,95.92,964.0,95.91,466.0,95.9,592.0,95.89,591.0,95.88,701.0,95.99,695.0,96.0,583.0,96.01,59.0,96.02,810.0,96.03,565.0
2024-01-01 09:30:54.600,snapshot,96.35,240.0,96.34,224.0,96.33,691.0,96.33,664.0,96.32,678.0,96.42,430.0,96.43,272.0,96.44,74.0,96.45,768.0,96.46,559.0
2024-01-01 09:30:54.750,snapshot,96.82,864.0,96.81,586.0,96.8,759.0,96.79,596.0,96.78,986.0,96.89,43.0,96.9,111.0,96.91,680.0,96.92,657.0,96.93,537.0
2024-01-01 09:30:54.900,snapshot,96.71,783.0,96.7,409.0,96.69,56.0,96.68,61.0,96.67,941.0,96.78,775.0,96.79,63.0,96.8,659.0,96.81,194.0,96.82,710.0
2024-01-01 09:30:55.050,snapshot,96.1,262.0,96.09,870.0,96.08,932.0,96.07,506.0,96.06,655.0,96.17,683.0,96.18,19.0,96.18,777.0,96.19,389.0,96.2,781.0
2024-01-01 09:30:55.200,snapshot,95.92,24.0,95.91,924.0,95.9,556.0,95.89,917.0,95.88,335.0,95.99,170.0,96.0,985.0,96.01,422.0,96.02,218.0,96.03,611.0
2024-01-01 09:30:55.350,snapshot,96.32,950.0,96.31,102.0,96.3,918.0,96.29,606.0,96.28,381.0,96.38,423.0,96.39,532.0,96.4,495.0,96.41,51.0,96.42,135.0
2024-01-01 09:30:55.500,snapshot,96.62,461.0,96.61,978.0,96.6,412.0,96.59,807.0,96.58,363.0,96.69,499.0,96.7,346.0,96.7,891.0,96.71,627.0,96.72,775.0
2024-01-01 09:30:55.650,snapshot,96.95,95.0,96.94,405.0,96.93,269.0,96.92,665.0,96.91,369.0,97.02,266.0,97.03,815.0,97.04,926.0,97.05,220.0,97.06,187.0
2024-01-01 09:30:55.800,snapshot,96.84,988.0,96.83,257.0,96.82,898.0,96.81,611.0,96.8,366.0,96.91,907.0,96.92,86.0,96.93,438.0,96.94,913.0,96.95,671.0
2024-01-01 09:30:55.950,snapshot,96.59,567.0,96.58,135.0,96.57,838.0,96.56,414.0,96.55,962.0,96.65,236.0,96.66,863.0,96.67,890.0,96.68,944.0,96.69,943.0
2024-01-01 09:30:56.100,snapshot,96.31,329.0,96.3,21.0,96.29,715.0,96.28,91.0,96.27,816.0,96.38,432.0,96.39,802.0,96.4,28.0,96.41,700.0,96.42,985.0
2024-01-01 09:30:56.250,snapshot,96.09,596.0,96.08,214.0,96.07,369.0,96.06,862.0,96.05,275.0,96.16,23.0,96.17,18.0,96.18,971.0,96.19,845.0,96.2,556.0
2024-01-01 09:30:56.400,snapshot,96.24,186.0,96.23,289.0,96.22,123.0,96.21,763.0,96.2,263.0,96.31,46.0,96.32,416.0,96.33,390.0,96.34,248.0,96.35,465.0
2024-01-01 09:30:56.550,snapshot,96.08,643.0,96.07,38.0,96.06,115.0,96.05,327.0,96.04,562.0,96.15,583.0,96.16,94.0,96.17,251.0,96.18,826.0,96.19,994.0
2024-01-01 09:30:56.700,snapshot,96.5,171.0,96.49,106.0,96.48,572.0,96.47,306.0,96.46,783.0,96.57,29.0,96.58,903.0,96.59,922.0,96.6,668.0,96.61,140.0
2024-01-01 09:30:56.850,snapshot,97.01,986.0,97.0,207.0,96.99,112.0,96.98,896.0,96.97,747.0,97.08,142.0,97.09,572.0,97.1,222.0,97.11,29.0,97.12,262.0
2024-01-01 09:30:57.000,snapshot,96.48,411.0,96.47,812.0,96.46,879.0,96.45,604.0,96.44,800.0,96.54,140.0,96.55,628.0,96.56,48.0,96.57,761.0,96.58,904.0
2024-01-01 09:30:57.150,snapshot,96.66,68.0,96.65,83.0,96.64,14.0,96.63,327.0,96.62,551.0,96.73,468.0,96.74,79.0,96.75,842.0,96.75,953.0,96.76,43.0
2024-01-01 09:30:57.300,snapshot,95.81,446.0,95.8,773.0,95.79,800.0,95.78,388.0,95.77,728.0,95.87,45.0,95.88,406.0,95.89,649.0,95.9,673.0,95.91,500.0
2024-01-01 09:30:57.450,snapshot,95.87,638.0,95.86,988.0,95.85,242.0,95.84,955.0,95.83,139.0,95.93,640.0,95.94,985.0,95.95,686.0,95.96,963.0,95.97,451.0
2024-01-01 09:30:57.600,snapshot,95.46,666.0,95.45,72.0,95.44,853.0,95.43,95.0,95.43,543.0,95.53,484.0,95.54,206.0,95.55,733.0,95.56,950.0,95.57,978.0
2024-01-01 09:30:57.750,snapshot,96.12,912.0,96.11,470.0,96.1,398.0,96.09,423.0,96.08,564.0,96.18,226.0,96.19,857.0,96.2,457.0,96.21,479.0,96.22,102.0
2024-01-01 09:30:57.900,snapshot,96.85,188.0,96.84,718.0,96.83,302.0,96.82,139.0,96.81,207.0,96.91,531.0,96.92,625.0,96.93,726.0,96.94,476.0,96.95,246.0
2024-01-01 09:30:58.050,snapshot,96.24,185.0,96.23,356.0,96.22,227.0,96.21,274.0,96.2,896.0,96.31,277.0,96.32,279.0,96.33,792.0,96.34,869.0,96.35,106.0
2024-01-01 09:30:58.200,snapshot,95.76,57.0,95.76,526.0,95.75,57.0,95.74,820.0,95.73,662.0,95.83,111.0,95.84,472.0,95.85,569.0,95.86,310.0,95.87,149.0
2024-01-01 09:30:58.350,snapshot,95.6,510.0,95.59,987.0,95.58,81.0,95.57,920.0,95.56,656.0,95.67,211.0,95.68,612.0,95.69,956.0,95.7,462.0,95.71,972.0
2024-01-01 09:30:58.500,snapshot,94.52,621.0,94.51,702.0,94.5,460.0,94.49,144.0,94.48,345.0,94.59,753.0,94.6,41.0,94.61,744.0,94.62,496.0,94.63,612.0
2024-01-01 09:30:58.650,snapshot,94.62,773.0,94.61,913.0,94.6,363.0,94.59,226.0,94.58,126.0,94.68,323.0,94.69,614.0,94.7,579.0,94.71,480.0,94.72,396.0
2024-01-01 09:30:58.800,snapshot,95.37,755.0,95.36,124.0,95.35,71.0,95.34,209.0,95.33,905.0,95.44,512.0,95.44,794.0,95.45,122.0,95.46,125.0,95.47,330.0
2024-01-01 09:30:58.950,snapshot,95.31,789.0,95.3,910.0,95.29,823.0,95.28,63.0,95.27,228.0,95.38,915.0,95.39,423.0,95.4,135.0,95.41,722.0,95.42,774.0
2024-01-01 09:30:59.100,snapshot,94.83,930.0,94.82,458.0,94.81,154.0,94.8,182.0,94.79,537.0,94.89,860.0,94.9,115.0,94.91,949.0,94.92,250.0,94.93,432.0
2024-01-01 09:30:59.250,snapshot,94.28,799.0,94.27,18.0,94.26,512.0,94.25,203.0,94.24,997.0,94.35,360.0,94.36,326.0,94.37,402.0,94.38,497.0,94.39,420.0
2024-01-01 09:30:59.400,snapshot,95.21,720.0,95.2,880.0,95.19,418.0,95.18,544.0,95.17,818.0,95.28,519.0,95.29,962.0,95.3,564.0,95.3,435.0,95.31,636.0
2024-01-01 09:30:59.550,snapshot,95.57,129.0,95.56,30.0,95.55,245.0,95.54,657.0,95.53,441.0,95.63,167.0,95.64,529.0,95.65,17.0,95.66,480.0,95.67,785.0
2024-01-01 09:30:59.700,snapshot,96.12,893.0,96.11,164.0,96.1,273.0,96.1,50.0,96.09,422.0,96.19,429.0,96.2,877.0,96.21,855.0,96.22,465.0,96.23,298.0
2024-01-01 09:30:59.850,snapshot,96.75,278.0,96.74,655.0,96.73,817.0,96.72,979.0,96.71,488.0,96.82,759.0,96.83,645.0,96.84,617.0,96.85,294.0,96.86,198.0
2024-01-01 09:31:00.000,snapshot,96.44,714.0,96.43,922.0,96.42,741.0,96.41,557.0,96.4,751.0,96.51,946.0,96.52,365.0,96.53,174.0,96.54,413.0,96.55,778.0
2024-01-01 09:31:00.150,snapshot,96.18,732.0,96.17,693.0,96.16,348.0,96.15,676.0,96.14,561.0,96.25,378.0,96.26,18.0,96.27,784.0,96.28,421.0,96.29,45.0
2024-01-01 09:31:00.300,snapshot,97.16,523.0,97.15,691.0,97.14,189.0,97.13,898.0,97.12,458.0,97.22,739.0,97.23,566.0,97.24,165.0,97.25,591.0,97.26,563.0
2024-01-01 09:31:00.450,snapshot,97.25,172.0,97.24,926.0,97.23,513.0,97.22,545.0,97.21,907.0,97.32,416.0,97.33,832.0,97.34,420.0,97.35,448.0,97.36,425.0
2024-01-01 09:31:00.600,snapshot,96.37,140.0,96.36,631.0,96.35,809.0,96.34,471.0,96.33,128.0,96.43,76.0,96.44,123.0,96.45,202.0,96.46,321.0,96.47,970.0
2024-01-01 09:31:00.750,snapshot,95.65,749.0,95.64,966.0,95.63,757.0,95.62,113.0,95.61,186.0,95.72,155.0,95.73,552.0,95.74,113.0,95.75,469.0,95.76,232.0
2024-01-01 09:31:00.900,snapshot,96.27,632.0,96.26,52.0,96.25,841.0,96.24,463.0,96.23,816.0,96.34,654.0,96.34,932.0,96.35,249.0,96.36,499.0,96.37,742.0
2024-01-01 09:31:01.050,snapshot,95.92,251.0,95.91,575.0,95.9,334.0,95.89,914.0,95.88,556.0,95.98,496.0,95.99,394.0,96.0,186.0,96.01,136.0,96.02,864.0
2024-01-01 09:31:01.200,snapshot,95.62,800.0,95.61,43.0,95.6,616.0,95.59,913.0,95.58,826.0,95.69,584.0,95.7,276.0,95.71,331.0,95.72,785.0,95.72,968.0
2024-01-01 09:31:01.350,snapshot,95.91,96.0,95.9,746.0,95.89,292.0,95.89,61.0,95.88,915.0,95.98,349.0,95.99,793.0,96.0,772.0,96.01,635.0,96.02,81.0
2024-01-01 09:31:01.500,snapshot,94.72,543.0,94.71,910.0,94.7,527.0,94.69,148.0,94.68,33.0,94.79,515.0,94.79,640.0,94.8,880.0,94.81,972.0,94.82,301.0
2024-01-01 09:31:01.650,snapshot,94.35,633.0,94.34,250.0,94.33,630.0,94.33,706.0,94.32,729.0,94.42,730.0,94.43,586.0,94.44,913.0,94.45,638.0,94.46,872.0
2024-01-01 09:31:01.800,snapshot,94.75,860.0,94.74,451.0,94.73,579.0,94.72,701.0,94.71,988.0,94.81,348.0,94.82,559.0,94.83,864.0,94.84,343.0,94.85,797.0
2024-01-01 09:31:01.950,snapshot,94.8,226.0,94.79,806.0,94.78,236.0,94.77,101.0,94.76,224.0,94.87,342.0,94.88,463.0,94.89,61.0,94.9,324.0,94.91,75.0
2024-01-01 09:31:02.100,snapshot,94.91,259.0,94.9,527.0,94.89,416.0,94.88,559.0,94.87,824.0,94.97,241.0,94.98,998.0,94.99,625.0,95.0,89.0,95.01,392.0
2024-01-01 09:31:02.250,snapshot,95.2,691.0,95.19,391.0,95.18,635.0,95.17,284.0,95.16,323.0,95.27,327.0,95.28,447.0,95.29,44.0,95.29,214.0,95.3,445.0
2024-01-01 09:31:02.400,snapshot,95.26,603.0,95.25,848.0,95.24,407.0,95.23,622.0,95.22,865.0,95.33,972.0,95.34,309.0,95.35,30.0,95.36,657.0,95.36,243.0
2024-01-01 09:31:02.550,snapshot,94.88,811.0,94.87,715.0,94.86,320.0,94.85,481.0,94.84,971.0,94.94,795.0,94.95,332.0,94.96,976.0,94.97,222.0,94.98,643.0
2024-01-01 09:31:02.700,snapshot,94.03,771.0,94.02,634.0,94.02,985.0,94.01,682.0,94.0,381.0,94.1,283.0,94.11,156.0,94.12,629.0,94.13,732.0,94.14,588.0
2024-01-01 09:31:02.850,snapshot,93.69,730.0,93.68,367.0,93.67,410.0,93.66,361.0,93.65,403.0,93.76,140.0,93.76,878.0,93.77,747.0,93.78,839.0,93.79,312.0
2024-01-01 09:31:03.000,snapshot,93.63,76.0,93.62,517.0,93.61,87.0,93.6,432.0,93.59,57.0,93.69,150.0,93.7,637.0,93.71,283.0,93.72,531.0,93.73,385.0
2024-01-01 09:31:03.150,snapshot,93.49,903.0,93.48,27.0,93.47,979.0,93.46,924.0,93.45,261.0,93.55,537.0,93.56,79.0,93.57,13.0,93.58,24.0,93.59,655.0
2024-01-01 09:31:03.300,snapshot,93.64,769.0,93.64,624.0,93.63,927.0,93.62,418.0,93.61,189.0,93.71,120.0,93.72,679.0,93.73,127.0,93.74,333.0,93.75,88.0
2024-01-01 09:31:03.450,snapshot,93.63,495.0,93.62,605.0,93.61,832.0,93.6,926.0,93.59,261.0,93.69,680.0,93.7,686.0,93.71,728.0,93.72,857.0,93.73,920.0
2024-01-01 09:31:03.600,snapshot,94.51,225.0,94.5,897.0,94.49,211.0,94.48,40.0,94.48,724.0,94.58,728.0,94.59,898.0,94.6,531.0,94.61,748.0,94.62,320.0
2024-01-01 09:31:03.750,snapshot,94.1,252.0,94.1,685.0,94.09,567.0,94.08,524.0,94.07,374.0,94.17,666.0,94.18,468.0,94.19,838.0,94.2,671.0,94.21,659.0
2024-01-01 09:31:03.900,snapshot,94.82,128.0,94.81,965.0,94.8,825.0,94.79,317.0,94.78,720.0,94.89,485.0,94.9,332.0,94.91,454.0,94.92,470.0,94.93,916.0
2024-01-01 09:31:04.050,snapshot,94.78,54.0,94.77,700.0,94.76,967.0,94.75,20.0,94.75,533.0,94.85,866.0,94.86,233.0,94.87,387.0,94.88,124.0,94.89,293.0
2024-01-01 09:31:04.200,snapshot,94.77,737.0,94.76,832.0,94.75,341.0,94.75,614.0,94.74,42.0,94.84,506.0,94.85,868.0,94.86,691.0,94.87,684.0,94.88,182.0
2024-01-01 09:31:04.350,snapshot,95.92,284.0,95.91,950.0,95.9,368.0,95.89,775.0,95.89,621.0,95.99,894.0,96.0,140.0,96.01,221.0,96.02,87.0,96.03,975.0
2024-01-01 09:31:04.500,snapshot,96.55,785.0,96.54,864.0,96.53,59.0,96.52,613.0,96.51,213.0,96.62,581.0,96.63,610.0,96.64,82.0,96.64,246.0,96.65,968.0
2024-01-01 09:31:04.650,snapshot,96.67,800.0,96.66,279.0,96.65,605.0,96.64,981.0,96.63,821.0,96.73,70.0,96.74,243.0,96.75,110.0,96.76,44.0,96.77,78.0
2024-01-01 09:31:04.800,snapshot,96.39,30.0,96.38,421.0,96.37,255.0,96.36,835.0,96.35,599.0,96.46,708.0,96.47,618.0,96.48,288.0,96.49,390.0,96.5,240.0
2024-01-01 09:31:04.950,snapshot,96.52,456.0,96.51,837.0,96.5,757.0,96.49,303.0,96.48,933.0,96.59,266.0,96.6,86.0,96.61,525.0,96.61,515.0,96.62,337.0
2024-01-01 09:31:05.100,snapshot,95.34,394.0,95.33,829.0,95.32,447.0,95.32,425.0,95.31,942.0,95.41,930.0,95.42,283.0,95.43,396.0,95.44,293.0,95.45,820.0
2024-01-01 09:31:05.250,snapshot,95.15,395.0,95.14,322.0,95.13,453.0,95.12,555.0,95.11,287.0,95.22,237.0,95.23,703.0,95.24,895.0,95.25,746.0,95.26,892.0
2024-01-01 09:31:05.400,snapshot,94.39,901.0,94.38,131.0,94.37,382.0,94.36,744.0,94.35,952.0,94.46,547.0,94.47,759.0,94.48,642.0,94.48,302.0,94.49,614.0
2024-01-01 09:31:05.550,snapshot,94.74,730.0,94.73,351.0,94.72,686.0,94.71,53.0,94.7,106.0,94.81,226.0,94.82,789.0,94.82,452.0,94.83,348.0,94.84,292.0
2024-01-01 09:31:05.700,snapshot,94.3,719.0,94.29,374.0,94.28,87.0,94.28,42.0,94.27,218.0,94.37,278.0,94.38,403.0,94.39,511.0,94.4,776.0,94.41,401.0
2024-01-01 09:31:05.850,snapshot,93.37,562.0,93.36,435.0,93.35,714.0,93.34,676.0,93.33,757.0,93.44,955.0,93.45,747.0,93.46,890.0,93.47,311.0,93.48,672.0
2024-01-01 09:31:06.000,snapshot,93.53,536.0,93.52,115.0,93.51,27.0,93.5,247.0,93.49,395.0,93.59,667.0,93.6,490.0,93.61,641.0,93.62,23.0,93.63,53.0
2024-01-01 09:31:06.150,snapshot,94.68,500.0,94.67,358.0,94.66,794.0,94.65,214.0,94.64,507.0,94.75,648.0,94.76,159.0,94.77,330.0,94.78,838.0,94.79,147.0
2024-01-01 09:31:06.300,snapshot,94.14,531.0,94.13,975.0,94.12,562.0,94.11,785.0,94.1,69.0,94.2,131.0,94.21,820.0,94.22,427.0,94.23,69.0,94.24,191.0
2024-01-01 09:31:06.450,snapshot,94.68,504.0,94.67,497.0,94.66,791.0,94.65,643.0,94.64,323.0,94.75,177.0,94.76,93.0,94.77,37.0,94.78,596.0,94.79,766.0
2024-01-01 09:31:06.600,snapshot,94.9,364.0,94.89,93.0,94.88,121.0,94.87,388.0,94.86,213.0,94.97,770.0,94.98,105.0,94.99,709.0,95.0,308.0,95.01,298.0
2024-01-01 09:31:06.750,snapshot,95.31,561.0,95.3,890.0,95.29,898.0,95.28,25.0,95.27,860.0,95.38,511.0,95.39,307.0,95.4,351.0,95.41,26.0,95.42,478.0
2024-01-01 09:31:06.900,snapshot,95.33,286.0,95.32,600.0,95.31,515.0,95.3,520.0,95.29,626.0,95.4,508.0,95.41,761.0,95.42,156.0,95.43,476.0,95.44,281.0
2024-01-01 09:31:07.050,snapshot,94.77,831.0,94.76,138.0,94.75,200.0,94.74,422.0,94.74,43.0,94.84,112.0,94.85,774.0,94.86,277.0,94.87,915.0,94.88,264.0
2024-01-01 09:31:07.200,snapshot,94.98,609.0,94.97,374.0,94.96,202.0,94.95,145.0,94.94,603.0,95.05,213.0,95.06,371.0,95.07,226.0,95.08,854.0,95.09,726.0
2024-01-01 09:31:07.350,snapshot,94.47,288.0,94.46,692.0,94.45,360.0,94.44,703.0,94.43,67.0,94.53,369.0,94.54,21.0,94.55,654.0,94.56,42.0,94.57,892.0
2024-01-01 09:31:07.500,snapshot,95.74,196.0,95.73,470.0,95.72,660.0,95.71,283.0,95.7,869.0,95.81,74.0,95.82,246.0,95.83,728.0,95.84,92.0,95.85,292.0
2024-01-01 09:31:07.650,snapshot,95.52,311.0,95.51,767.0,95.5,390.0,95.49,46.0,95.48,980.0,95.59,168.0,95.6,744.0,95.61,803.0,95.62,641.0,95.63,471.0
2024-01-01 09:31:07.800,snapshot,95.54,837.0,95.53,573.0,95.52,342.0,95.51,589.0,95.5,180.0,95.61,954.0,95.62,129.0,95.63,269.0,95.64,275.0,95.65,622.0
2024-01-01 09:31:07.950,snapshot,95.53,828.0,95.52,287.0,95.51,387.0,95.5,321.0,95.49,731.0,95.6,557.0,95.61,154.0,95.62,143.0,95.63,950.0,95.63,697.0
2024-01-01 09:31:08.100,snapshot,95.72,304.0,95.71,430.0,95.71,965.0,95.7,811.0,95.69,823.0,95.79,864.0,95.8,921.0,95.81,700.0,95.82,848.0,95.83,909.0
2024-01-01 09:31:08.250,snapshot,96.35,484.0,96.34,884.0,96.33,636.0,96.32,382.0,96.31,178.0,96.42,347.0,96.43,819.0,96.44,576.0,96.45,899.0,96.46,458.0
2024-01-01 09:31:08.400,snapshot,96.83,494.0,96.82,53.0,96.81,468.0,96.8,167.0,96.79,839.0,96.9,998.0,96.91,392.0,96.92,895.0,96.93,708.0,96.94,275.0
2024-01-01 09:31:08.550,snapshot,96.59,244.0,96.58,809.0,96.57,39.0,96.56,975.0,96.55,779.0,96.66,434.0,96.67,702.0,96.68,521.0,96.68,27.0,96.69,848.0
2024-01-01 09:31:08.700,snapshot,96.13,307.0,96.12,429.0,96.11,420.0,96.1,455.0,96.09,722.0,96.2,464.0,96.21,662.0,96.22,631.0,96.23,709.0,96.24,462.0
2024-01-01 09:31:08.850,snapshot,96.62,73.0,96.61,494.0,96.6,890.0,96.59,650.0,96.58,503.0,96.68,238.0,96.69,569.0,96.7,757.0,96.71,483.0,96.72,477.0
2024-01-01 09:31:09.000,snapshot,96.95,873.0,96.94,971.0,96.93,252.0,96.92,811.0,96.91,717.0,97.01,808.0,97.02,26.0,97.03,264.0,97.04,633.0,97.05,643.0
2024-01-01 09:31:09.150,snapshot,97.15,67.0,97.15,347.0,97.14,673.0,97.13,746.0,97.12,797.0,97.22,851.0,97.23,978.0,97.24,295.0,97.25,84.0,97.26,237.0
2024-01-01 09:31:09.300,snapshot,95.88,386.0,95.87,677.0,95.86,906.0,95.85,254.0,95.84,726.0,95.95,809.0,95.96,162.0,95.97,301.0,95.98,83.0,95.99,399.0
2024-01-01 09:31:09.450,snapshot,95.69,372.0,95.68,61.0,95.67,393.0,95.66,198.0,95.65,737.0,95.75,224.0,95.76,896.0,95.77,627.0,95.78,698.0,95.79,213.0
2024-01-01 09:31:09.600,snapshot,95.24,315.0,95.23,687.0,95.22,526.0,95.21,926.0,95.2,336.0,95.31,486.0,95.31,317.0,95.32,794.0,95.33,311.0,95.34,85.0
2024-01-01 09:31:09.750,snapshot,94.94,138.0,94.93,794.0,94.92,184.0,94.91,572.0,94.9,937.0,95.01,661.0,95.02,826.0,95.03,625.0,95.04,636.0,95.05,321.0
2024-01-01 09:31:09.900,snapshot,94.81,223.0,94.8,350.0,94.79,206.0,94.78,950.0,94.77,515.0,94.88,55.0,94.89,597.0,94.9,992.0,94.91,243.0,94.92,812.0
2024-01-01 09:31:10.050,snapshot,94.01,665.0,94.0,335.0,93.99,952.0,93.98,133.0,93.97,431.0,94.07,16.0,94.08,266.0,94.09,983.0,94.1,938.0,94.11,303.0
2024-01-01 09:31:10.200,snapshot,94.63,595.0,94.62,340.0,94.61,367.0,94.61,632.0,94.6,129.0,94.7,894.0,94.71,739.0,94.72,678.0,94.73,97.0,94.74,816.0
2024-01-01 09:31:10.350,snapshot,94.56,498.0,94.55,485.0,94.54,666.0,94.53,78.0,94.52,352.0,94.63,71.0,94.64,784.0,94.65,969.0,94.65,505.0,94.66,998.0
2024-01-01 09:31:10.500,snapshot,94.5,898.0,94.49,37.0,94.48,526.0,94.47,925.0,94.46,801.0,94.57,389.0,94.58,799.0,94.59,72.0,94.6,259.0,94.61,746.0
2024-01-01 09:31:10.650,snapshot,94.19,332.0,94.18,195.0,94.17,325.0,94.16,893.0,94.15,785.0,94.25,133.0,94.26,23.0,94.27,874.0,94.28,610.0,94.29,355.0
2024-01-01 09:31:10.800,snapshot,94.43,750.0,94.43,661.0,94.42,928.0,94.41,510.0,94.4,578.0,94.5,767.0,94.51,826.0,94.52,285.0,94.53,937.0,94.54,348.0
2024-01-01 09:31:10.950,snapshot,94.92,73.0,94.91,232.0,94.9,423.0,94.89,510.0,94.88,726.0,94.98,111.0,94.99,198.0,95.0,628.0,95.01,556.0,95.02,364.0
2024-01-01 09:31:11.100,snapshot,95.51,844.0,95.5,679.0,95.49,214.0,95.48,87.0,95.47,150.0,95.57,208.0,95.58,10.0,95.59,813.0,95.6,348.0,95.61,997.0
2024-01-01 09:31:11.250,snapshot,93.97,608.0,93.96,166.0,93.95,41.0,93.94,717.0,93.93,937.0,94.04,98.0,94.05,285.0,94.05,171.0,94.06,699.0,94.07,825.0
2024-01-01 09:31:11.400,snapshot,93.08,49.0,93.07,944.0,93.06,168.0,93.05,704.0,93.04,697.0,93.14,23.0,93.15,273.0,93.16,892.0,93.17,710.0,93.18,762.0
2024-01-01 09:31:11.550,snapshot,92.42,347.0,92.41,20.0,92.4,619.0,92.39,813.0,92.38,743.0,92.48,916.0,92.49,488.0,92.5,863.0,92.51,917.0,92.52,294.0
2024-01-01 09:31:11.700,snapshot,92.19,339.0,92.18,141.0,92.18,348.0,92.17,996.0,92.16,540.0,92.26,613.0,92.27,881.0,92.28,985.0,92.29,943.0,92.29,903.0
2024-01-01 09:31:11.850,snapshot,92.4,981.0,92.39,522.0,92.38,267.0,92.37,472.0,92.36,566.0,92.46,894.0,92.47,540.0,92.48,296.0,92.49,235.0,92.5,884.0
2024-01-01 09:31:12.000,snapshot,92.88,241.0,92.87,138.0,92.86,855.0,92.85,957.0,92.84,953.0,92.94,401.0,92.95,101.0,92.96,918.0,92.97,245.0,92.98,607.0
2024-01-01 09:31:12.150,snapshot,93.15,948.0,93.14,391.0,93.13,610.0,93.12,277.0,93.11,944.0,93.22,218.0,93.23,44.0,93.24,516.0,93.24,117.0,93.25,317.0
2024-01-01 09:31:12.300,snapshot,93.18,127.0,93.17,493.0,93.16,48.0,93.15,246.0,93.14,361.0,93.24,206.0,93.25,380.0,93.26,220.0,93.27,89.0,93.28,653.0
2024-01-01 09:31:12.450,snapshot,92.73,881.0,92.72,510.0,92.71,666.0,92.7,694.0,92.69,480.0,92.8,523.0,92.8,187.0,92.81,262.0,92.82,571.0,92.83,786.0
2024-01-01 09:31:12.600,snapshot,92.59,385.0,92.58,995.0,92.57,231.0,92.57,101.0,92.56,894.0,92.66,279.0,92.67,803.0,92.68,193.0,92.69,648.0,92.69,386.0
2024-01-01 09:31:12.750,snapshot,93.0,209.0,92.99,775.0,92.98,382.0,92.97,662.0,92.96,635.0,93.06,386.0,93.07,563.0,93.08,60.0,93.09,144.0,93.1,960.0
2024-01-01 09:31:12.900,snapshot,93.49,831.0,93.48,875.0,93.48,252.0,93.47,117.0,93.46,867.0,93.56,33.0,93.57,302.0,93.58,959.0,93.59,951.0,93.6,27.0
2024-01-01 09:31:13.050,snapshot,93.91,858.0,93.9,303.0,93.89,580.0,93.88,179.0,93.87,130.0,93.98,587.0,93.99,900.0,94.0,464.0,94.0,975.0,94.01,594.0
2024-01-01 09:31:13.200,snapshot,94.68,592.0,94.67,329.0,94.66,726.0,94.65,292.0,94.64,248.0,94.74,904.0,94.75,45.0,94.76,162.0,94.77,688.0,94.78,253.0
2024-01-01 09:31:13.350,snapshot,94.35,112.0,94.34,847.0,94.33,660.0,94.32,539.0,94.31,267.0,94.41,501.0,94.42,619.0,94.43,17.0,94.44,955.0,94.45,48.0
2024-01-01 09:31:13.500,snapshot,94.57,645.0,94.56,200.0,94.55,128.0,94.54,195.0,94.53,254.0,94.63,350.0,94.64,261.0,94.65,723.0,94.66,135.0,94.67,395.0
2024-01-01 09:31:13.650,snapshot,94.64,300.0,94.63,454.0,94.62,855.0,94.62,24.0,94.61,143.0,94.71,770.0,94.72,340.0,94.73,255.0,94.74,360.0,94.75,233.0
2024-01-01 09:31:13.800,snapshot,95.0,881.0,94.99,422.0,94.98,973.0,94.98,500.0,94.97,346.0,95.07,220.0,95.08,957.0,95.09,921.0,95.1,13.0,95.11,491.0
2024-01-01 09:31:13.950,snapshot,94.91,323.0,94.9,85.0,94.89,883.0,94.88,126.0,94.87,864.0,94.97,286.0,94.98,512.0,94.99,494.0,95.0,833.0,95.01,231.0
2024-01-01 09:31:14.100,snapshot,94.94,432.0,94.93,857.0,94.92,552.0,94.91,737.0,94.9,728.0,95.01,169.0,95.02,19.0,95.03,443.0,95.04,469.0,95.04,340.0
2024-01-01 09:31:14.250,snapshot,95.09,637.0,95.08,800.0,95.07,953.0,95.06,995.0,95.05,613.0,95.15,252.0,95.16,430.0,95.17,605.0,95.18,564.0,95.19,999.0
2024-01-01 09:31:14.400,snapshot,94.32,306.0,94.31,945.0,94.31,405.0,94.3,55.0,94.29,217.0,94.39,983.0,94.4,155.0,94.41,619.0,94.42,296.0,94.43,695.0
2024-01-01 09:31:14.550,snapshot,95.13,48.0,95.12,366.0,95.11,206.0,95.1,938.0,95.09,124.0,95.19,341.0,95.2,884.0,95.21,122.0,95.22,610.0,95.23,940.0
2024-01-01 09:31:14.700,snapshot,95.5,839.0,95.49,208.0,95.48,835.0,95.47,27.0,95.47,405.0,95.57,936.0,95.58,131.0,95.59,11.0,95.6,353.0,95.61,231.0
2024-01-01 09:31:14.850,snapshot,95.63,453.0,95.62,859.0,95.61,855.0,95.6,673.0,95.59,19.0,95.7,68.0,95.71,866.0,95.72,22.0,95.73,486.0,95.74,614.0
2024-01-01 09:31:15.000,snapshot,96.03,873.0,96.02,339.0,96.01,555.0,96.0,112.0,95.99,604.0,96.1,501.0,96.11,279.0,96.12,700.0,96.13,919.0,96.14,212.0
2024-01-01 09:31:15.150,snapshot,96.12,783.0,96.11,404.0,96.1,255.0,96.09,109.0,96.08,847.0,96.19,475.0,96.2,70.0,96.21,614.0,96.22,620.0,96.23,123.0
2024-01-01 09:31:15.300,snapshot,96.15,996.0,96.14,32.0,96.13,500.0,96.12,555.0,96.12,789.0,96.22,350.0,96.23,890.0,96.24,320.0,96.25,802.0,96.26,450.0
2024-01-01 09:31:15.450,snapshot,96.56,719.0,96.55,382.0,96.54,669.0,96.53,410.0,96.53,483.0,96.63,229.0,96.64,450.0,96.65,340.0,96.66,800.0,96.67,121.0
2024-01-01 09:31:15.600,snapshot,96.17,186.0,96.16,136.0,96.15,643.0,96.14,195.0,96.13,593.0,96.24,903.0,96.25,323.0,96.25,762.0,96.26,766.0,96.27,193.0
2024-01-01 09:31:15.750,snapshot,96.42,870.0,96.41,179.0,96.4,382.0,96.39,448.0,96.38,524.0,96.49,527.0,96.5,186.0,96.51,654.0,96.52,817.0,96.53,917.0
2024-01-01 09:31:15.900,snapshot,96.18,415.0,96.17,538.0,96.16,1000.0,96.15,574.0,96.14,814.0,96.24,624.0,96.25,358.0,96.26,731.0,96.27,11.0,96.28,546.0
2024-01-01 09:31:16.050,snapshot,96.87,912.0,96.86,785.0,96.85,204.0,96.85,350.0,96.84,771.0,96.94,418.0,96.95,77.0,96.96,436.0,96.97,647.0,96.98,317.0
2024-01-01 09:31:16.200,snapshot,96.27,409.0,96.26,998.0,96.25,644.0,96.24,994.0,96.23,74.0,96.34,789.0,96.35,912.0,96.36,804.0,96.37,815.0,96.38,628.0
2024-01-01 09:31:16.350,snapshot,95.03,199.0,95.02,970.0,95.01,759.0,95.0,968.0,94.99,331.0,95.1,146.0,95.11,346.0,95.12,194.0,95.13,611.0,95.14,379.0
2024-01-01 09:31:16.500,snapshot,95.27,304.0,95.26,579.0,95.26,941.0,95.25,860.0,95.24,283.0,95.34,381.0,95.35,462.0,95.36,35.0,95.37,660.0,95.38,212.0
2024-01-01 09:31:16.650,snapshot,95.18,467.0,95.17,241.0,95.16,80.0,95.15,119.0,95.14,906.0,95.25,278.0,95.26,793.0,95.27,898.0,95.27,959.0,95.28,259.0
2024-01-01 09:31:16.800,snapshot,94.18,735.0,94.17,257.0,94.16,509.0,94.15,227.0,94.14,853.0,94.24,42.0,94.25,25.0,94.26,675.0,94.27,185.0,94.28,693.0
2024-01-01 09:31:16.950,snapshot,94.16,825.0,94.15,93.0,94.14,447.0,94.13,182.0,94.12,105.0,94.23,110.0,94.23,154.0,94.24,188.0,94.25,600.0,94.26,239.0
2024-01-01 09:31:17.100,snapshot,93.94,348.0,93.93,172.0,93.92,671.0,93.91,987.0,93.9,841.0,94.01,842.0,94.01,579.0,94.02,15.0,94.03,894.0,94.04,686.0
2024-01-01 09:31:17.250,snapshot,93.47,839.0,93.46,667.0,93.46,133.0,93.45,847.0,93.44,746.0,93.54,279.0,93.55,494.0,93.56,305.0,93.57,683.0,93.58,98.0
2024-01-01 09:31:17.400,snapshot,93.53,836.0,93.52,795.0,93.51,300.0,93.5,504.0,93.49,116.0,93.59,722.0,93.6,971.0,93.61,562.0,93.62,993.0,93.63,286.0
2024-01-01 09:31:17.550,snapshot,93.51,392.0,93.5,475.0,93.49,720.0,93.48,493.0,93.47,369.0,93.57,228.0,93.58,944.0,93.59,136.0,93.6,355.0,93.61,721.0
2024-01-01 09:31:17.700,snapshot,93.04,251.0,93.03,784.0,93.02,51.0,93.01,197.0,93.0,44.0,93.11,353.0,93.12,917.0,93.12,925.0,93.13,842.0,93.14,87.0
2024-01-01 09:31:17.850,snapshot,92.61,982.0,92.6,154.0,92.6,875.0,92.59,894.0,92.58,40.0,92.68,521.0,92.69,543.0,92.7,807.0,92.71,643.0,92.72,985.0
2024-01-01 09:31:18.000,snapshot,92.93,410.0,92.92,198.0,92.91,334.0,92.9,604.0,92.89,150.0,93.0,591.0,93.01,676.0,93.01,546.0,93.02,778.0,93.03,399.0
2024-01-01 09:31:18.150,snapshot,92.29,693.0,92.28,850.0,92.27,798.0,92.26,519.0,92.25,351.0,92.35,564.0,92.36,93.0,92.37,531.0,92.38,100.0,92.39,373.0
2024-01-01 09:31:18.300,snapshot,91.84,872.0,91.83,244.0,91.82,792.0,91.81,83.0,91.8,62.0,91.9,638.0,91.91,205.0,91.92,56.0,91.93,726.0,91.94,531.0
2024-01-01 09:31:18.450,snapshot,91.34,414.0,91.33,322.0,91.32,361.0,91.32,87.0,91.31,643.0,91.41,209.0,91.42,47.0,91.42,58.0,91.43,216.0,91.44,774.0
2024-01-01 09:31:18.600,snapshot,91.23,375.0,91.22,413.0,91.21,801.0,91.2,952.0,91.19,895.0,91.29,640.0,91.3,89.0,91.31,138.0,91.32,170.0,91.33,253.0
2024-01-01 09:31:18.750,snapshot,91.46,161.0,91.46,984.0,91.45,453.0,91.44,649.0,91.43,450.0,91.53,52.0,91.54,430.0,91.55,701.0,91.56,59.0,91.57,455.0
2024-01-01 09:31:18.900,snapshot,91.84,819.0,91.84,255.0,91.83,76.0,91.82,825.0,91.81,190.0,91.91,21.0,91.92,148.0,91.93,842.0,91.94,288.0,91.95,434.0
2024-01-01 09:31:19.050,snapshot,91.7,148.0,91.69,885.0,91.69,242.0,91.68,48.0,91.67,433.0,91.77,912.0,91.78,137.0,91.79,965.0,91.8,150.0,91.8,910.0
2024-01-01 09:31:19.200,snapshot,92.26,435.0,92.25,878.0,92.24,216.0,92.23,830.0,92.22,307.0,92.32,804.0,92.33,982.0,92.34,278.0,92.35,50.0,92.36,217.0
2024-01-01 09:31:19.350,snapshot,92.51,862.0,92.5,645.0,92.49,97.0,92.48,615.0,92.47,999.0,92.58,524.0,92.59,209.0,92.59,464.0,92.6,831.0,92.61,106.0
2024-01-01 09:31:19.500,snapshot,91.0,908.0,90.99,619.0,90.98,631.0,90.97,923.0,90.96,905.0,91.06,97.0,91.07,636.0,91.08,294.0,91.09,931.0,91.1,360.0
2024-01-01 09:31:19.650,snapshot,90.3,406.0,90.3,30.0,90.29,203.0,90.28,323.0,90.27,138.0,90.37,634.0,90.38,731.0,90.39,250.0,90.39,852.0,90.4,640.0
2024-01-01 09:31:19.800,snapshot,90.66,474.0,90.65,659.0,90.64,62.0,90.63,725.0,90.63,851.0,90.73,732.0,90.73,721.0,90.74,19.0,90.75,949.0,90.76,905.0
2024-01-01 09:31:19.950,snapshot,90.2,951.0,90.2,736.0,90.19,906.0,90.18,328.0,90.17,735.0,90.27,844.0,90.28,801.0,90.29,882.0,90.29,591.0,90.3,912.0
2024-01-01 09:31:20.100,snapshot,90.18,450.0,90.17,855.0,90.16,395.0,90.15,465.0,90.14,975.0,90.24,152.0,90.25,685.0,90.26,357.0,90.27,807.0,90.28,614.0
2024-01-01 09:31:20.250,snapshot,89.91,768.0,89.9,553.0,89.89,581.0,89.88,928.0,89.87,867.0,89.97,440.0,89.98,482.0,89.99,665.0,90.0,575.0,90.01,17.0
2024-01-01 09:31:20.400,snapshot,88.9,588.0,88.9,261.0,88.89,330.0,88.88,566.0,88.87,164.0,88.97,85.0,88.98,746.0,88.98,796.0,88.99,998.0,89.0,154.0
2024-01-01 09:31:20.550,snapshot,87.95,268.0,87.94,478.0,87.94,839.0,87.93,874.0,87.92,280.0,88.01,608.0,88.02,979.0,88.03,50.0,88.04,947.0,88.05,251.0
2024-01-01 09:31:20.700,snapshot,87.7,973.0,87.69,692.0,87.68,677.0,87.67,454.0,87.66,180.0,87.76,629.0,87.77,13.0,87.78,825.0,87.79,366.0,87.79,804.0
2024-01-01 09:31:20.850,snapshot,87.43,700.0,87.42,698.0,87.41,923.0,87.4,37.0,87.39,699.0,87.49,430.0,87.5,269.0,87.5,265.0,87.51,45.0,87.52,404.0
2024-01-01 09:31:21.000,snapshot,87.56,987.0,87.55,541.0,87.54,524.0,87.53,766.0,87.52,107.0,87.62,602.0,87.63,640.0,87.64,625.0,87.65,829.0,87.65,766.0
2024-01-01 09:31:21.150,snapshot,87.25,993.0,87.24,463.0,87.23,676.0,87.22,55.0,87.21,516.0,87.31,214.0,87.32,132.0,87.32,936.0,87.33,624.0,87.34,447.0
2024-01-01 09:31:21.300,snapshot,87.35,487.0,87.34,431.0,87.33,902.0,87.32,105.0,87.32,175.0,87.41,773.0,87.42,239.0,87.43,963.0,87.44,870.0,87.45,612.0
2024-01-01 09:31:21.450,snapshot,87.31,219.0,87.3,72.0,87.29,453.0,87.28,466.0,87.28,882.0,87.37,419.0,87.38,996.0,87.39,799.0,87.4,35.0,87.41,368.0
2024-01-01 09:31:21.600,snapshot,87.49,641.0,87.48,93.0,87.47,582.0,87.47,222.0,87.46,687.0,87.55,229.0,87.56,602.0,87.57,110.0,87.58,63.0,87.59,505.0
2024-01-01 09:31:21.750,snapshot,86.87,723.0,86.86,806.0,86.85,555.0,86.84,349.0,86.83,460.0,86.93,304.0,86.94,593.0,86.95,133.0,86.95,988.0,86.96,486.0
2024-01-01 09:31:21.900,snapshot,86.69,55.0,86.68,302.0,86.68,490.0,86.67,963.0,86.66,129.0,86.75,801.0,86.76,126.0,86.77,927.0,86.78,878.0,86.79,468.0
2024-01-01 09:31:22.050,snapshot,87.38,922.0,87.37,762.0,87.36,216.0,87.35,688.0,87.34,583.0,87.44,987.0,87.45,947.0,87.46,722.0,87.46,322.0,87.47,428.0
2024-01-01 09:31:22.200,snapshot,86.88,262.0,86.87,796.0,86.87,124.0,86.86,221.0,86.85,424.0,86.94,110.0,86.95,899.0,86.96,302.0,86.97,964.0,86.98,910.0
2024-01-01 09:31:22.350,snapshot,87.13,730.0,87.12,749.0,87.11,235.0,87.1,586.0,87.09,771.0,87.19,42.0,87.2,787.0,87.21,802.0,87.22,742.0,87.23,859.0
2024-01-01 09:31:22.500,snapshot,86.61,692.0,86.6,472.0,86.59,259.0,86.58,860.0,86.58,915.0,86.67,426.0,86.68,572.0,86.69,205.0,86.7,789.0,86.71,436.0
2024-01-01 09:31:22.650,snapshot,86.89,284.0,86.88,166.0,86.87,946.0,86.86,612.0,86.85,907.0,86.95,778.0,86.96,150.0,86.97,898.0,86.98,370.0,86.99,308.0
2024-01-01 09:31:22.800,snapshot,87.19,440.0,87.18,203.0,87.18,311.0,87.17,792.0,87.16,448.0,87.25,555.0,87.26,589.0,87.27,659.0,87.28,759.0,87.29,909.0
2024-01-01 09:31:22.950,snapshot,88.07,994.0,88.07,24.0,88.06,876.0,88.05,608.0,88.04,959.0,88.14,672.0,88.15,886.0,88.15,294.0,88.16,651.0,88.17,433.0
2024-01-01 09:31:23.100,snapshot,88.61,189.0,88.6,632.0,88.59,110.0,88.58,61.0,88.57,759.0,88.67,741.0,88.68,393.0,88.69,596.0,88.7,143.0,88.71,949.0
2024-01-01 09:31:23.250,snapshot,87.87,675.0,87.86,789.0,87.85,146.0,87.84,116.0,87.83,768.0,87.93,926.0,87.94,968.0,87.94,986.0,87.95,148.0,87.96,624.0
2024-01-01 09:31:23.400,snapshot,87.95,879.0,87.94,153.0,87.93,507.0,87.92,264.0,87.91,22.0,88.01,632.0,88.02,243.0,88.03,98.0,88.03,808.0,88.04,628.0
2024-01-01 09:31:23.550,snapshot,88.33,231.0,88.32,430.0,88.31,519.0,88.3,141.0,88.29,657.0,88.39,391.0,88.4,350.0,88.41,667.0,88.41,762.0,88.42,132.0
2024-01-01 09:31:23.700,snapshot,87.26,777.0,87.25,634.0,87.25,325.0,87.24,603.0,87.23,752.0,87.32,702.0,87.33,129.0,87.34,258.0,87.35,401.0,87.36,60.0
2024-01-01 09:31:23.850,snapshot,88.01,525.0,88.0,359.0,87.99,405.0,87.98,922.0,87.97,158.0,88.07,908.0,88.08,332.0,88.09,543.0,88.09,715.0,88.1,554.0
2024-01-01 09:31:24.000,snapshot,87.66,867.0,87.65,654.0,87.64,930.0,87.63,240.0,87.62,728.0,87.72,420.0,87.73,737.0,87.74,715.0,87.75,441.0,87.76,922.0
2024-01-01 09:31:24.150,snapshot,86.3,367.0,86.29,785.0,86.28,725.0,86.28,866.0,86.27,382.0,86.36,735.0,86.37,397.0,86.38,835.0,86.39,560.0,86.4,503.0
2024-01-01 09:31:24.300,snapshot,85.7,813.0,85.7,842.0,85.69,904.0,85.68,699.0,85.67,184.0,85.76,387.0,85.77,306.0,85.78,882.0,85.79,394.0,85.8,382.0
2024-01-01 09:31:24.450,snapshot,85.77,890.0,85.76,584.0,85.75,24.0,85.74,583.0,85.74,99.0,85.83,608.0,85.84,865.0,85.85,732.0,85.86,954.0,85.86,441.0
2024-01-01 09:31:24.600,snapshot,85.72,433.0,85.71,375.0,85.71,764.0,85.7,398.0,85.69,608.0,85.78,69.0,85.79,732.0,85.8,395.0,85.81,591.0,85.82,732.0
2024-01-01 09:31:24.750,snapshot,85.5,418.0,85.49,792.0,85.48,197.0,85.47,266.0,85.47,61.0,85.56,842.0,85.57,853.0,85.58,302.0,85.58,618.0,85.59,179.0
2024-01-01 09:31:24.900,snapshot,85.73,487.0,85.72,48.0,85.71,633.0,85.71,522.0,85.7,682.0,85.79,18.0,85.8,370.0,85.81,67.0,85.82,224.0,85.83,925.0
2024-01-01 09:31:25.050,snapshot,85.94,514.0,85.93,704.0,85.92,310.0,85.91,285.0,85.9,461.0,86.0,857.0,86.01,538.0,86.01,417.0,86.02,943.0,86.03,528.0
2024-01-01 09:31:25.200,snapshot,85.55,325.0,85.54,567.0,85.53,865.0,85.52,316.0,85.51,439.0,85.61,872.0,85.61,932.0,85.62,68.0,85.63,70.0,85.64,906.0
2024-01-01 09:31:25.350,snapshot,85.64,877.0,85.63,301.0,85.63,507.0,85.62,542.0,85.61,878.0,85.7,863.0,85.71,994.0,85.72,520.0,85.73,73.0,85.74,354.0
2024-01-01 09:31:25.500,snapshot,85.84,119.0,85.83,290.0,85.82,716.0,85.81,275.0,85.8,664.0,85.9,475.0,85.91,758.0,85.91,25.0,85.92,535.0,85.93,351.0
2024-01-01 09:31:25.650,snapshot,85.87,970.0,85.86,173.0,85.85,754.0,85.84,912.0,85.84,711.0,85.93,855.0,85.94,857.0,85.95,880.0,85.96,641.0,85.96,776.0
2024-01-01 09:31:25.800,snapshot,85.77,694.0,85.76,611.0,85.75,987.0,85.74,137.0,85.73,881.0,85.83,366.0,85.84,601.0,85.84,156.0,85.85,967.0,85.86,949.0
2024-01-01 09:31:25.950,snapshot,85.53,247.0,85.53,418.0,85.52,278.0,85.51,781.0,85.5,337.0,85.59,852.0,85.6,755.0,85.61,851.0,85.62,381.0,85.63,181.0
2024-01-01 09:31:26.100,snapshot,85.26,419.0,85.25,66.0,85.24,737.0,85.23,989.0,85.23,179.0,85.32,876.0,85.33,714.0,85.34,737.0,85.35,285.0,85.35,443.0
2024-01-01 09:31:26.250,snapshot,85.03,453.0,85.03,913.0,85.02,922.0,85.01,29.0,85.0,504.0,85.09,453.0,85.1,294.0,85.11,173.0,85.12,998.0,85.13,248.0
2024-01-01 09:31:26.400,snapshot,85.7,281.0,85.69,483.0,85.68,284.0,85.67,140.0,85.66,378.0,85.76,148.0,85.76,329.0,85.77,366.0,85.78,84.0,85.79,119.0
2024-01-01 09:31:26.550,snapshot,85.35,849.0,85.35,606.0,85.34,878.0,85.33,757.0,85.32,878.0,85.41,871.0,85.42,402.0,85.43,563.0,85.44,323.0,85.45,603.0
2024-01-01 09:31:26.700,snapshot,85.81,968.0,85.81,393.0,85.8,642.0,85.79,411.0,85.78,388.0,85.87,648.0,85.88,601.0,85.89,196.0,85.9,283.0,85.91,286.0
2024-01-01 09:31:26.850,snapshot,85.75,825.0,85.75,822.0,85.74,577.0,85.73,267.0,85.72,660.0,85.81,205.0,85.82,344.0,85.83,516.0,85.84,200.0,85.85,335.0
2024-01-01 09:31:27.000,snapshot,85.4,135.0,85.39,48.0,85.38,564.0,85.37,88.0,85.36,623.0,85.45,352.0,85.46,422.0,85.47,608.0,85.48,412.0,85.49,696.0
2024-01-01 09:31:27.150,snapshot,85.61,855.0,85.6,795.0,85.59,971.0,85.58,789.0,85.57,159.0,85.67,840.0,85.67,562.0,85.68,18.0,85.69,67.0,85.7,722.0
2024-01-01 09:31:27.300,snapshot,86.67,369.0,86.66,653.0,86.65,442.0,86.64,504.0,86.63,918.0,86.73,204.0,86.74,36.0,86.74,70.0,86.75,754.0,86.76,129.0
2024-01-01 09:31:27.450,snapshot,86.78,769.0,86.77,612.0,86.76,799.0,86.75,148.0,86.74,728.0,86.84,275.0,86.85,504.0,86.86,195.0,86.87,37.0,86.87,257.0
2024-01-01 09:31:27.600,snapshot,86.8,365.0,86.79,607.0,86.78,443.0,86.77,423.0,86.76,954.0,86.86,265.0,86.87,531.0,86.88,635.0,86.88,699.0,86.89,908.0
2024-01-01 09:31:27.750,snapshot,87.13,698.0,87.12,569.0,87.11,618.0,87.1,239.0,87.09,787.0,87.19,142.0,87.2,73.0,87.21,798.0,87.21,817.0,87.22,111.0
2024-01-01 09:31:27.900,snapshot,87.37,373.0,87.36,156.0,87.35,536.0,87.34,810.0,87.34,119.0,87.43,856.0,87.44,633.0,87.45,854.0,87.46,977.0,87.47,151.0
2024-01-01 09:31:28.050,snapshot,87.84,188.0,87.83,325.0,87.82,486.0,87.81,668.0,87.81,834.0,87.9,814.0,87.91,402.0,87.92,933.0,87.93,259.0,87.94,568.0
2024-01-01 09:31:28.200,snapshot,87.78,870.0,87.77,200.0,87.76,634.0,87.75,391.0,87.74,420.0,87.84,326.0,87.85,695.0,87.86,726.0,87.86,822.0,87.87,675.0
2024-01-01 09:31:28.350,snapshot,88.1,813.0,88.09,182.0,88.08,939.0,88.07,729.0,88.06,456.0,88.16,286.0,88.17,717.0,88.18,359.0,88.19,547.0,88.19,870.0
2024-01-01 09:31:28.500,snapshot,88.8,201.0,88.79,700.0,88.78,377.0,88.77,856.0,88.76,554.0,88.86,626.0,88.87,709.0,88.88,782.0,88.88,651.0,88.89,89.0
2024-01-01 09:31:28.650,snapshot,89.09,154.0,89.08,956.0,89.07,416.0,89.06,130.0,89.05,909.0,89.15,821.0,89.16,514.0,89.17,637.0,89.18,907.0,89.19,316.0
2024-01-01 09:31:28.800,snapshot,89.11,607.0,89.1,46.0,89.09,702.0,89.08,324.0,89.07,40.0,89.17,180.0,89.18,442.0,89.19,304.0,89.2,940.0,89.2,895.0
2024-01-01 09:31:28.950,snapshot,88.32,987.0,88.31,716.0,88.3,502.0,88.29,559.0,88.29,773.0,88.38,344.0,88.39,158.0,88.4,259.0,88.41,855.0,88.42,238.0
2024-01-01 09:31:29.100,snapshot,88.03,567.0,88.02,753.0,88.01,55.0,88.0,76.0,87.99,135.0,88.09,187.0,88.1,228.0,88.11,262.0,88.11,773.0,88.12,223.0
2024-01-01 09:31:29.250,snapshot,87.83,798.0,87.82,822.0,87.81,827.0,87.81,796.0,87.8,69.0,87.89,695.0,87.9,901.0,87.91,647.0,87.92,775.0,87.93,181.0
2024-01-01 09:31:29.400,snapshot,88.47,240.0,88.46,151.0,88.45,567.0,88.44,16.0,88.43,944.0,88.53,82.0,88.54,118.0,88.55,654.0,88.56,323.0,88.57,401.0
2024-01-01 09:31:29.550,snapshot,88.42,894.0,88.42,265.0,88.41,602.0,88.4,71.0,88.39,773.0,88.49,933.0,88.5,626.0,88.5,678.0,88.51,668.0,88.52,765.0
2024-01-01 09:31:29.700,snapshot,89.31,764.0,89.3,757.0,89.29,469.0,89.29,84.0,89.28,376.0,89.37,644.0,89.38,748.0,89.39,672.0,89.4,968.0,89.41,221.0
2024-01-01 09:31:29.850,snapshot,89.5,339.0,89.49,861.0,89.48,38.0,89.47,783.0,89.46,76.0,89.56,781.0,89.57,521.0,89.58,698.0,89.58,724.0,89.59,457.0
2024-01-01 09:31:30.000,snapshot,89.89,239.0,89.88,279.0,89.87,425.0,89.86,823.0,89.85,892.0,89.95,897.0,89.96,378.0,89.97,943.0,89.98,849.0,89.99,108.0
2024-01-01 09:31:30.150,snapshot,90.05,347.0,90.04,348.0,90.03,519.0,90.02,926.0,90.02,331.0,90.11,388.0,90.12,532.0,90.13,146.0,90.14,693.0,90.15,833.0
2024-01-01 09:31:30.300,snapshot,90.98,415.0,90.97,171.0,90.96,915.0,90.95,605.0,90.94,267.0,91.04,92.0,91.05,642.0,91.06,551.0,91.07,925.0,91.08,756.0
2024-01-01 09:31:30.450,snapshot,90.55,919.0,90.54,24.0,90.53,358.0,90.52,419.0,90.51,124.0,90.61,479.0,90.62,889.0,90.63,458.0,90.64,445.0,90.65,450.0
2024-01-01 09:31:30.600,snapshot,89.79,598.0,89.78,306.0,89.77,997.0,89.76,17.0,89.75,639.0,89.85,872.0,89.86,558.0,89.87,987.0,89.88,198.0,89.89,937.0
2024-01-01 09:31:30.750,snapshot,90.24,564.0,90.23,961.0,90.22,648.0,90.21,949.0,90.21,113.0,90.3,602.0,90.31,280.0,90.32,838.0,90.33,970.0,90.34,22.0
2024-01-01 09:31:30.900,snapshot,90.5,684.0,90.49,171.0,90.48,830.0,90.47,710.0,90.46,911.0,90.56,262.0,90.57,804.0,90.58,964.0,90.59,65.0,90.6,54.0
2024-01-01 09:31:31.050,snapshot,91.22,543.0,91.21,327.0,91.2,109.0,91.19,188.0,91.18,685.0,91.29,859.0,91.29,975.0,91.3,810.0,91.31,899.0,91.32,929.0
2024-01-01 09:31:31.200,snapshot,91.18,915.0,91.17,710.0,91.17,401.0,91.16,518.0,91.15,532.0,91.25,658.0,91.26,441.0,91.27,198.0,91.27,509.0,91.28,248.0
2024-01-01 09:31:31.350,snapshot,91.71,12.0,91.7,522.0,91.69,666.0,91.68,201.0,91.67,591.0,91.77,800.0,91.78,89.0,91.79,954.0,91.8,11.0,91.81,714.0
2024-01-01 09:31:31.500,snapshot,92.32,944.0,92.31,311.0,92.3,802.0,92.29,337.0,92.28,307.0,92.38,602.0,92.39,376.0,92.4,638.0,92.41,93.0,92.42,208.0
2024-01-01 09:31:31.650,snapshot,92.77,326.0,92.76,746.0,92.75,998.0,92.74,137.0,92.73,565.0,92.84,21.0,92.84,443.0,92.85,342.0,92.86,790.0,92.87,710.0
2024-01-01 09:31:31.800,snapshot,93.01,179.0,93.0,423.0,92.99,132.0,92.99,218.0,92.98,949.0,93.08,601.0,93.09,927.0,93.1,288.0,93.11,419.0,93.12,891.0
2024-01-01 09:31:31.950,snapshot,92.31,161.0,92.3,985.0,92.29,924.0,92.28,246.0,92.27,655.0,92.37,555.0,92.38,143.0,92.39,68.0,92.4,575.0,92.41,924.0
2024-01-01 09:31:32.100,snapshot,92.37,441.0,92.36,100.0,92.35,393.0,92.34,280.0,92.33,531.0,92.43,929.0,92.44,535.0,92.45,27.0,92.46,169.0,92.47,965.0
2024-01-01 09:31:32.250,snapshot,92.31,81.0,92.3,864.0,92.29,214.0,92.28,670.0,92.27,861.0,92.37,867.0,92.38,451.0,92.39,114.0,92.4,45.0,92.41,77.0
2024-01-01 09:31:32.400,snapshot,93.09,756.0,93.09,992.0,93.08,465.0,93.07,777.0,93.06,800.0,93.16,153.0,93.17,149.0,93.18,297.0,93.19,520.0,93.2,282.0
2024-01-01 09:31:32.550,snapshot,92.86,690.0,92.85,829.0,92.85,833.0,92.84,820.0,92.83,729.0,92.93,331.0,92.94,205.0,92.95,274.0,92.96,463.0,92.97,852.0
2024-01-01 09:31:32.700,snapshot,93.14,985.0,93.13,885.0,93.12,329.0,93.11,836.0,93.1,483.0,93.2,345.0,93.21,722.0,93.22,304.0,93.23,766.0,93.24,992.0
2024-01-01 09:31:32.850,snapshot,93.49,438.0,93.48,462.0,93.47,754.0,93.46,518.0,93.45,594.0,93.56,369.0,93.57,221.0,93.58,395.0,93.59,636.0,93.59,222.0
2024-01-01 09:31:33.000,snapshot,94.09,313.0,94.08,450.0,94.07,134.0,94.07,821.0,94.06,219.0,94.16,964.0,94.17,16.0,94.18,694.0,94.19,830.0,94.2,168.0
2024-01-01 09:31:33.150,snapshot,94.1,241.0,94.09,819.0,94.08,646.0,94.07,203.0,94.06,699.0,94.16,119.0,94.17,780.0,94.18,913.0,94.19,52.0,94.2,766.0
2024-01-01 09:31:33.300,snapshot,94.53,998.0,94.52,309.0,94.51,430.0,94.5,80.0,94.49,879.0,94.6,604.0,94.61,395.0,94.62,969.0,94.63,705.0,94.64,637.0
2024-01-01 09:31:33.450,snapshot,94.2,736.0,94.19,448.0,94.18,830.0,94.17,968.0,94.16,924.0,94.26,355.0,94.27,964.0,94.28,793.0,94.29,82.0,94.3,20.0
2024-01-01 09:31:33.600,snapshot,94.52,932.0,94.51,308.0,94.5,430.0,94.49,978.0,94.49,501.0,94.59,928.0,94.6,938.0,94.61,749.0,94.62,201.0,94.63,438.0
2024-01-01 09:31:33.750,snapshot,95.36,610.0,95.35,475.0,95.35,176.0,95.34,394.0,95.33,727.0,95.43,322.0,95.44,873.0,95.45,333.0,95.46,897.0,95.47,560.0
2024-01-01 09:31:33.900,snapshot,95.62,885.0,95.62,620.0,95.61,762.0,95.6,615.0,95.59,503.0,95.69,164.0,95.7,58.0,95.71,648.0,95.72,638.0,95.73,49.0
2024-01-01 09:31:34.050,snapshot,96.21,18.0,96.2,336.0,96.19,839.0,96.18,398.0,96.17,561.0,96.27,639.0,96.28,457.0,96.29,371.0,96.3,585.0,96.31,102.0
2024-01-01 09:31:34.200,snapshot,96.32,554.0,96.31,470.0,96.3,195.0,96.29,845.0,96.28,619.0,96.39,258.0,96.4,573.0,96.41,893.0,96.42,376.0,96.43,220.0
2024-01-01 09:31:34.350,snapshot,96.09,884.0,96.08,848.0,96.07,897.0,96.06,886.0,96.05,291.0,96.15,613.0,96.16,634.0,96.17,898.0,96.18,723.0,96.19,927.0
2024-01-01 09:31:34.500,snapshot,96.41,784.0,96.4,249.0,96.39,913.0,96.38,187.0,96.37,856.0,96.48,591.0,96.49,367.0,96.5,769.0,96.51,240.0,96.52,271.0
2024-01-01 09:31:34.650,snapshot,96.68,361.0,96.67,280.0,96.66,496.0,96.65,296.0,96.64,559.0,96.75,480.0,96.76,365.0,96.77,316.0,96.78,768.0,96.79,285.0
2024-01-01 09:31:34.800,snapshot,96.0,483.0,95.99,688.0,95.98,155.0,95.97,181.0,95.96,637.0,96.07,162.0,96.08,721.0,96.09,412.0,96.1,535.0,96.11,598.0
2024-01-01 09:31:34.950,snapshot,96.05,192.0,96.04,562.0,96.03,495.0,96.02,605.0,96.02,960.0,96.12,248.0,96.13,967.0,96.14,411.0,96.15,934.0,96.16,513.0
2024-01-01 09:31:35.100,snapshot,95.13,836.0,95.12,578.0,95.11,326.0,95.1,802.0,95.09,526.0,95.2,183.0,95.21,670.0,95.22,51.0,95.23,825.0,95.23,190.0
2024-01-01 09:31:35.250,snapshot,96.18,229.0,96.17,781.0,96.16,895.0,96.15,607.0,96.14,899.0,96.25,84.0,96.26,274.0,96.27,15.0,96.28,787.0,96.29,485.0
2024-01-01 09:31:35.400,snapshot,95.23,293.0,95.22,182.0,95.21,191.0,95.2,339.0,95.19,454.0,95.3,787.0,95.31,991.0,95.32,216.0,95.32,938.0,95.33,242.0
2024-01-01 09:31:35.550,snapshot,95.7,837.0,95.69,139.0,95.68,241.0,95.67,995.0,95.66,959.0,95.76,780.0,95.77,802.0,95.78,695.0,95.79,391.0,95.8,161.0
2024-01-01 09:31:35.700,snapshot,94.91,607.0,94.9,103.0,94.89,895.0,94.88,483.0,94.87,781.0,94.98,973.0,94.99,169.0,95.0,242.0,95.01,465.0,95.02,474.0
2024-01-01 09:31:35.850,snapshot,95.82,957.0,95.81,786.0,95.8,992.0,95.79,945.0,95.78,664.0,95.89,311.0,95.9,893.0,95.91,486.0,95.92,928.0,95.92,575.0
2024-01-01 09:31:36.000,snapshot,95.76,715.0,95.75,852.0,95.74,531.0,95.73,848.0,95.72,690.0,95.83,369.0,95.84,329.0,95.85,982.0,95.86,831.0,95.87,135.0
2024-01-01 09:31:36.150,snapshot,95.47,842.0,95.46,928.0,95.45,520.0,95.44,375.0,95.44,612.0,95.54,968.0,95.55,159.0,95.56,318.0,95.57,508.0,95.58,286.0
2024-01-01 09:31:36.300,snapshot,95.6,644.0,95.59,469.0,95.58,840.0,95.57,573.0,95.56,759.0,95.66,768.0,95.67,804.0,95.68,716.0,95.69,368.0,95.7,841.0
2024-01-01 09:31:36.450,snapshot,96.57,22.0,96.56,618.0,96.55,617.0,96.54,482.0,96.53,150.0,96.64,676.0,96.65,935.0,96.66,133.0,96.67,297.0,96.68,521.0
2024-01-01 09:31:36.600,snapshot,95.97,348.0,95.96,722.0,95.95,855.0,95.94,919.0,95.93,678.0,96.04,958.0,96.05,580.0,96.06,849.0,96.07,539.0,96.08,569.0
2024-01-01 09:31:36.750,snapshot,95.17,406.0,95.16,226.0,95.15,49.0,95.14,909.0,95.13,172.0,95.24,323.0,95.24,89.0,95.25,619.0,95.26,503.0,95.27,556.0
2024-01-01 09:31:36.900,snapshot,95.36,443.0,95.35,292.0,95.34,842.0,95.33,475.0,95.32,191.0,95.42,642.0,95.43,886.0,95.44,806.0,95.45,886.0,95.46,120.0
2024-01-01 09:31:37.050,snapshot,96.17,850.0,96.16,60.0,96.15,568.0,96.14,212.0,96.13,477.0,96.23,606.0,96.24,85.0,96.25,887.0,96.26,124.0,96.27,595.0
2024-01-01 09:31:37.200,snapshot,96.67,280.0,96.66,466.0,96.65,79.0,96.64,305.0,96.63,837.0,96.74,984.0,96.75,121.0,96.76,244.0,96.77,316.0,96.78,333.0
2024-01-01 09:31:37.350,snapshot,96.74,33.0,96.73,618.0,96.72,722.0,96.71,936.0,96.7,377.0,96.81,939.0,96.82,658.0,96.83,435.0,96.84,54.0,96.85,145.0
2024-01-01 09:31:37.500,snapshot,96.85,198.0,96.84,528.0,96.83,395.0,96.82,247.0,96.81,423.0,96.92,163.0,96.93,212.0,96.94,573.0,96.95,332.0,96.96,316.0
2024-01-01 09:31:37.650,snapshot,96.09,197.0,96.08,151.0,96.07,307.0,96.06,123.0,96.05,860.0,96.15,469.0,96.16,547.0,96.17,515.0,96.18,224.0,96.19,729.0
